2984 4740
562 264 851 352 '-a--

219 457 374 536 diligenter
394 468 424 517 et
444 458 533 538 polite
555 479 593 516 an
612 461 716 518 uitiosa
736 468 766 518 et
784 461 825 518 ita
845 469 878 522 ut
897 480 1005 519 nouum
1027 461 1174 540 exemplar
1195 464 1291 540 parari

220 573 365 644 oporteret
392 565 490 643 scripti
520 572 616 621 essent
637 575 835 642 quaererent„
854 584 914 624 non
935 555 1029 623 solum
1051 565 1214 638 titanorum,
1238 565 1290 625 sed

220 673 305 729 etiam
336 671 464 748 ipsorum
494 668 662 728 uerborum·
682 668 926 730 emundandorum
957 673 1112 745 occasione
1133 690 1199 728 usos
1229 689 1292 729 esse

220 782 334 834 statuat.
379 772 532 850 Scdtmibi
555 793 592 832 ex
614 774 815 854 Lycophronis
837 773 956 853 quidem
974 784 1094 848 natura,
1117 776 1232 854 qualem
1254 795 1291 836 ex

217 881 386 957 fragmentis
414 880 509 958 operis
539 897 711 956 cognoscere
732 879 815 952 licet,
846 879 994 960 probatior
1015 889 1058 938 est
1080 881 1293 940 Wachsmuthii

218 988 361 1044 sententia
383 983 501 1066 (Philol.
518 984 595 1044 XVI
616 991 675 1047 653
697 993 757 1044 not.
778 984 829 1066 12)
852 1005 918 1045 eum
940 1005 979 1044 ne
994 988 1024 1043 in
1039 985 1159 1061 singulis
1174 983 1293 1064 quidem

217 1090 315 1150 uerbis
337 1088 525 1148 emendandis
546 1099 636 1148 artem
659 1093 786 1149 criticam
808 1089 863 1148 sibi
885 1090 1054 1150 uindicasse.
1099 1091 1188 1150 Recte
1205 1093 1293 1167 igitur

218 1205 364 1254 auctorem
386 1195 487 1254 scholii
507 1194 631 1282 plautini
653 1196 780 1254 Taetzae
794 1195 891 1282 ¹uerba
913 1195 1090 1256 intellexisse
1117 1203 1292 1276 puto-cum
1357 1224 1360 1230 ⁴

173 1285 175 1289 Α
219 1299 297 1359 dicat
322 1301 470 1381 „Graecae
497 1303 567 1358 artis
588 1303 715 1380 poeticos
737 1302 826 1361 libros
849 1305 880 1360 in
900 1321 990 1360 unum
1011 1301 1190 1378 collegerunt
1211 1311 1240 1360 et
1261 1305 1293 1361 in

220 1405 353 1465 ordinem
375 1405 557 1481 redegerunt,
580 1405 748 1465 Alexander
770 1410 877 1464 e.c.t.“
916 1407 1025 1466 Contra
1046 1409 1076 1464 in
1098 1406 1294 1466 uoluminibus

220 1510 322 1571 ordine
344 1509 586 1591 disponendisut
607 1529 653 1570 res
675 1511 750 1570 bene
767 1514 808 1571 eiu
830 1510 945 1571 cederet
965 1513 1059 1570 facere
1080 1531 1139 1570 non
1160 1520 1294 1591 poterant

220 1620 292 1697 quin
324 1616 446 1693 singulis
478 1615 675 1675 uoluminibus
702 1637 778 1696 quae
806 1619 948 1695 cuiusque
976 1625 1079 1696 poetae
1108 1635 1197 1696 opera
1226 1637 1292 1676 con·

222 1725 347 1782 tinerent
368 1720 573 1794 inscriberent,
604 1730 636 1780 ut
664 1721 741 1800 quod
763 1731 864 1801 postea
886 1721 1079 1781 Callimachus
1101 1723 1227 1781 excoluit
1251 1732 1293 1781 at·

223 1848 280 1908 que
306 1829 439 1908 perfecit,
470 1829 532 1885 eius
559 1828 652 1905 prima
680 1827 868 1886 fundamenta
887 1831 1007 1888 iecerint
1028 1827 1077 1908 (cf.
1101 1828 1293 1886 Wachsmuth

224 1933 242 1990 l.
255 1953 278 1993 c.
300 1955 328 2014 p.
344 1933 428 2014 662).
447 1952 449 1956 ·
466 1931 581 2008 Quibus
603 1951 640 1990 ex
662 1932 763 1992 studiis
786 1943 848 1992 orta
871 1953 933 1992 esse
953 1931 1070 1992 uidetur
1091 1933 1294 2012 Lycophronis

224 2038 260 2098 de
280 2039 460 2097 Archcstrati
482 2040 615 2098 carminis
637 2040 824 2118 inscriptione
844 2039 1007 2099 obseruatio
1029 2042 1100 2116 frag.
1125 2039 1206 2121 191).

308 2143 421 2220 Quodsi
450 2146 537 2220 igitur
567 2143 604 2202 de
633 2144 687 2203 hac
709 2145 911 2224 Lycophronis
938 2163 1026 2225 opera
1048 2147 1078 2204 in
1099 2143 1296 2203 uoluminibus
1367 2122 1371 2131 ¹

222 2248 391 2311 ordinandis
419 2252 514 2328 posita
542 2251 637 2309 minus
664 2259 743 2308 certa
772 2254 858 2309 statui
882 2259 1019 2329 possunt,
1042 2249 1140 2330 paullo
1162 2229 1296 2308 uberiora

222 2364 303 2430 sunt,
335 2375 409 2435 quae
439 2353 476 2413 de
501 2357 564 2434 ipso
594 2373 681 2435 opere
710 2355 776 2436 περὶ
799 2355 960 2438 κωμῳδίας
981 2357 1102 2414 sciamus
1111 2353 1155 2435 ²)3
1184 2357 1213 2412 in
1236 2373 1294 2432 quo

223 2483 287 2522 cum
310 2470 424 2542 praeter
444 2460 671 2540 Aristophanem
692 2462 873 2520 Pherecratio
896 2461 980 2542 (frag.
1000 2461 1063 2542 85),
1080 2461 1189 2520 Oratim
1209 2458 1293 2540 (frag.

227 2568 290 2649 25),
319 2566 435 2647 Epilyci
464 2565 548 2647 (frag.
574 2567 627 2648 26)
658 2565 773 2625 fabulae
803 2574 940 2626 tractatae
968 2570 1034 2642 sint,
1064 2584 1163 2625 omnes
1189 2569 1296 2626 ueteris

222 2672 387 2732 comoediae
408 2679 509 2753 poetas
537 2670 632 2730 locum
654 2670 790 2730 habuisse
811 2674 922 2751 opinor.
967 2671 1178 2748 Argumentum
1198 2681 1295 2731 autern

222 2779 281 2837 tale
312 2781 373 2838 fere
401 2777 490 2836 faiisse
518 2775 642 2847 uidetur,
675 2784 709 2834 nt
737 2778 768 2833 in
796 2779 858 2855 ipsa
887 2780 1123 2857 interpretatione
1152 2797 1294 2836 summum

223 2882 351 2942 studium
372 2886 497 2963 positum
520 2893 610 2950 esset,
640 2880 799 2940 subiunctis
821 2882 893 2955 aliis,
922 2884 1049 2962 quaein
1071 2886 1237 2942 uniuersum
1259 2881 1301 2940 de

223 2987 388 3047 comoediae
410 2987 496 3046 rebus
518 2998 646 3064 agerent.
684 2988 720 3046 In
742 2988 848 3066 quibus
870 2987 998 3068 deipsis
1019 2998 1170 3068 poetarum
1191 2987 1297 3046 fabulis
1329 2973 1337 2992 ¹

224 3093 402 3174 disputatum
431 3113 493 3152 esse
520 3094 558 3152 ab
588 3113 631 3166 eo,
659 3096 710 3171 qui
739 3096 769 3152 in
797 3092 986 3170 congerendis
1014 3093 1119 3152 fabulis
1141 3101 1297 3172 occupatus

224 3211 300 3259 essct
321 3198 472 3280 probabile
494 3207 546 3258 cst.
590 3199 639 3256 Ex
661 3202 800 3278 prooemio
824 3200 945 3259 fortasse
966 3209 1098 3258 naturam
1120 3207 1149 3257 et
1169 3197 1297 3257 indolem

222 3305 389 3364 comoediae
399 3305 578 3384 disceptante
589 3303 789 3385 depromptam
801 3323 863 3364 csse
872 3304 1043 3364 crediderim
1052 3304 1297 3363 narratiunculam

314 3640 335 3706 1)
359 3642 424 3692 Cum
447 3641 610 3691 Archcstrati
637 3643 705 3691 ratio
730 3643 857 3692 materiae
883 3641 1036 3690 tractandae
1060 3639 1185 3704 parodica
1210 3638 1296 3700 bremt

227 3733 338 3783 fortasse
364 3731 427 3780 bino
451 3730 606 3780 concludere
629 3731 692 3780 licet
714 3730 827 3794 parodos
852 3745 910 3778 cum
934 3730 1042 3778 comicis
1066 3728 1220 3777 coniunctos
1240 3741 1298 3776 esse

228 3821 261 3870 cf.
279 3821 406 3870 Athenl
428 3820 475 3869 bb
499 3845 530 3854 —
555 3819 603 3868 καὶ
623 3811 757 3888 Ἡγήμων
779 3813 793 3870 o‘
817 3812 917 3875 Θάσιος
941 3811 956 3868 ὁ
975 3817 1135 3880 ἐπικληθεὶς
1158 3817 1242 3886 φακῆ,
1265 3809 1298 3868 ὃν

227 3911 261 3980 τῇ
279 3904 383 3978 ἀρχαίᾳ
401 3907 533 3976 κωμῳδίᾳ
552 3906 624 3966 τινὲς
642 3900 812 3959 ἐντάττουσι.

313 3996 335 4063 2)
362 3999 439 4049 Unde
464 3998 630 4050 Uilloisonus
657 3997 747 4046 anecd.
768 3996 812 4045 Gr.
830 3995 858 4045 Π
882 3995 929 4046 185
956 3997 985 4044 in
1012 3994 1119 4044 scholiis
1148 3994 1298 4044 Homericis

228 4090 373 4140 Marcianis
387 4081 562 4157 Λυκόφρονα
579 4079 630 4138 τὸν
647 4079 798 4153 γράψαντα
816 4081 850 4134 τὰ
869 4077 1089 4152 τραγῳδούμενα
1108 4081 1211 4132 laudari
1228 4083 1300 4134 dicat

194 4221 199 4226 .
228 4179 343 4229 nondum
361 4176 484 4242 comperi.

1095 4236 1127 4291 l*
