2984 4740
650 262 935 361 ..22⁵

212 464 298 524 rebus
325 465 439 525 deesset
465 467 652 540 illustrandis,
683 469 776 526 effecit
796 477 829 527 ut
851 467 1055 548 discipulorum
1079 471 1189 545 cohors,
1213 475 1286 532 sieut

148 600 150 604 ·
212 573 242 630 in
272 570 404 630 omnibus
433 574 560 650 magistri
592 575 715 650 uestigia
740 574 975 652 persequebatur,
1006 577 1092 634 etiarn
1121 556 1286 638 comoediae

213 674 381 736 tractandae
404 697 521 758 operam
543 688 664 738 nauaret
686 677 734 758 (cf.
757 680 903 751 Meineke,
928 681 994 738 hist.
1019 683 1079 739 crit.
1103 702 1132 759 p.
1158 688 1179 742 5
1198 683 1284 764 seq..)

213 784 279 841 Huc
311 783 432 872 faciqnt
440 783 615 888 Aristotelis
654 785 748 842 Νἴκαι
783 782 982 844 Διονυσιακαί
1012 795 1042 844 et
1071 784 1283 864 Διδασκαλίαι,

211 887 397 971 Dicaearchi
415 883 505 977 opus
503 879 634 1002 ιιιρὶι
622 896 775 966 μουσικῶν
807 891 868 948 siue
901 885 1158 951 Διονυσιακῶν’
1141 890 1284 972 αμδνωνς

211 992 440 1071 Theophrastus,
457 967 638 1066 Oh'ainaeleo,
655 993 794 1053 Eumelus
817 996 906 1054 iustos
925 994 1025 1054 libros
1035 997 1102 1078 περὶ
1124 997 1284 1090 stipendiare

213 1101 452 1178 conscripserunt,
432 1080 611 1178 thyneeus
633 1099 746 1159 Samius
768 1098 804 1158 de
819 1099 980 1160 Menandro
1002 1099 1145 1162 disseruit
1180 1081 1284 1183 Neque

211 1203 248 1263 ab
271 1203 452 1262 Academicis
474 1203 546 1262 haee
570 1204 672 1264 studia
686 1205 772 1284 plane
794 1205 926 1282 neglecta
947 1225 1009 1264 esse
1031 1210 1111 1266 testis
1131 1217 1175 1267 est
1196 1210 1282 1286 Diog.

211 1309 308 1367 Laert.
331 1312 373 1372 IV
396 1316 424 1381 4,
450 1314 500 1382 23,
530 1309 674 1370 Cratetem
696 1309 904 1370 Atheniensem
933 1320 1076 1371 mortuum
1104 1312 1193 1372 libros
1215 1313 1282 1395 περὶ

211 1412 372 1495 κωμῳδίας
400 1414 550 1494 reliquisse
579 1413 704 1474 tradens.
748 1416 847 1475 Etiam
875 1417 906 1474 in
927 1416 1092 1476 Philochori
1118 1417 1193 1478 libro
1215 1419 1282 1501 περὶ

211 1526 273 1578 τῶν
288 1514 456 1598 Ἀθήνησιν
477 1517 600 1600 ἀγώνων
627 1517 792 1578 comoediae
812 1519 906 1579 locum
929 1521 1016 1580 fuisse
1036 1523 1218 1590 manifestum
1241 1533 1284 1584 est

210 1643 247 1684 ex
274 1623 372 1683 Athen
395 1625 443 1682 XI
465 1648 493 1705 p.
517 1632 579 1688 464
601 1626 620 1684 f.
661 1625 809 1684 Docemur
837 1635 933 1685 autern
962 1629 1025 1686 siuo
1051 1630 1121 1708 ipsis
1142 1629 1283 1690 librorum

209 1729 300 1788 titulis
322 1731 384 1788 siue
405 1730 630 1807 fragmentorum
659 1728 757 1788 indole
779 1730 834 1789 hoe
854 1750 947 1808 genus
968 1731 1128 1793 studiorum
1149 1755 1168 1793 a
1189 1754 1282 1812 gram·

209 1837 313 1894 matina
344 1812 476 1894 doctiina
506 1835 592 1912 longe
624 1834 750 1893 alienum
779 1835 875 1908 fuisse,
909 1855 975 1895 cum
1003 1858 1102 1897 omnes
1138 1842 1168 1897 in
1196 1841 1283 1899 rebus

211 1939 352 2001 historicis
385 1950 415 1999 et
444 1942 565 1999 scenicis
598 1938 753 1998 tractandis
785 1949 985 2015 uersarentur,
1020 1942 1058 2001 ab
1091 1952 1153 2002 arte
1184 1947 1283 2003 critica
1335 1926 1339 1932 ¹

209 2043 418 2104 factitandaet
439 2048 508 2125 ipsis
521 2045 635 2104 'fabulis
657 2043 881 2125 interpretandis
904 2065 935 2105 se
957 2045 1143 2106 abstinerent.

295 2151 384 2212 Cuius
406 2154 446 2211 rei
469 2171 574 2228 magna
594 2153 714 2209 mutatio
736 2152 907 2227 inaugurate
930 2160 982 2223 est,
999 2162 1152 2231 postquam
1168 2155 1283 2230 egregia

210 2258 370 2318 Ptolemaei
399 2260 429 2316 in
455 2255 564 2315 litteras
585 2256 781 2314 munificentia
802 2255 999 2316 Alexandriae
1018 2257 1193 2317 bibliotheca
1213 2278 1284 2318 con-¹

210 2362 271 2422 dita
294 2372 345 2421 est.
391 2360 459 2438 Qua
479 2364 510 2420 in
531 2360 707 2420 bibliotheca
728 2381 794 2420 cum
813 2360 895 2420 libris
917 2360 1047 2442 undique
1062 2372 1203 2424 terrarum
1217 2383 1283 2423 con·

210 2471 298 2546 gestis
330 2469 462 2547 inprimis
494 2474 606 2526 uastam
638 2466 717 2524 illam
750 2465 865 2525 turbam
898 2466 1023 2527 ordinari
1053 2488 1170 2528 neeesse
1198 2477 1282 2542 esset,

209 2574 398 2656 Lycophroni
420 2593 524 2631 munus
546 2552 709 2631 comoedias
727 2569 882 2648 colligendi
903 2580 932 2632 et
951 2571 1101 2649 digerendi
1116 2574 1284 2634 mandatum

210 2698 272 2738 esse
293 2687 415 2738 testatur
434 2679 461 2737 I.
484 2679 593 2736 'l'zetaa
615 2676 701 2757 (prol.
724 2676 812 2736 schol.
830 2676 920 2736 Arist.
944 2677 988 2738 ed.
1006 2679 1076 2738 Keil
1095 2680 1171 2740 Mus.
1187 2681 1281 2740 Rhea.

209 2805 237 2843 n.
257 2804 280 2842 s.
304 2787 345 2848 VI
365 2806 392 2864 p.
421 2782 509 2863 llOJ:
539 2779 733 2864 Ἀλίξανδρος
761 2780 777 2841 δ
807 2781 948 2854 Αἰτωλὸς
977 2784 1027 2842 καὶ
1055 2783 1237 2866 Λυκόφρων
1265 2783 1281 2844 δ

208 2887 381 2960 Χαλκιδεὺς
401 2887 633 2969 μεγαλοδωρίας
655 2886 764 2967 (potius
779 2886 864 2969 -ίαις)
880 2890 1047 2965 βασιλικοῖς
1062 2887 1282 2970 προτραπέντες

209 2992 394 3076 Πτολεμαίῳ
404 2995 448 3076 τῷ
464 2991 646 3075 Φιλαδέλφῳ
657 2992 712 3063 τὰς
722 2992 863 3072 σκηνικίις
874 2990 1093 3073 διωρθώσαντο
1103 2994 1228 3072 βίβλοις
1238 3029 1281 3040 -

214 3094 406 3180 Ἀλέξανδρος
423 3097 530 3180 ὤρθου
551 3098 590 3158 τὰ
612 3095 749 3178 τραγικά,
772 3096 952 3179 Λυκόφρων
970 3098 1008 3158 τὰ
1031 3097 1150 3176 κωμικιί
1172 3123 1199 3160 κ.
1212 3123 1239 3164 ι.
1252 3103 1279 3160 λ.

211 3203 259 3284 (cf.
282 3203 353 3263 ibi'd.
376 3226 405 3284 p.
426 3212 492 3268 117,
514 3204 602 3263 selrol.
627 3203 716 3283 plant.
735 3203 784 3284 9);
808 3223 866 3282 quo
888 3196 1010 3262 munere
1031 3207 1071 3262 ita
1092 3206 1206 3264 functus
1228 3215 1280 3279 est,

208 3318 241 3368 ut
268 3309 354 3368 simul
383 3311 413 3368 in
441 3309 538 3390 amplo
566 3329 654 3390 opere
681 3308 748 3389 περὶ
778 3306 947 3390 κωμῳδίας,
976 3311 1056 3367 cuius
1087 3331 1180 3370 nonus
1208 3311 1308 3370 liber.

210 3416 352 3474 excitatur
384 3413 468 3496 (frag.
494 3413 557 3496 85),
592 3416 717 3473 rationes
748 3413 834 3472 huius
866 3417 907 3473 rei
940 3418 1107 3494 exposuisse
1138 3415 1278 3476 uideatur.

209 3519 284 3578 Cum
311 3529 408 3579 autem
441 3521 636 3580 recensionem
668 3517 878 3579 comoediarum
905 3539 923 3578 a
953 3519 1148 3599 Lycophrone
1176 3522 1280 3578 factam

209 3644 272 3684 esse
294 3625 381 3684 nullis
403 3627 573 3686 testimoniis
595 3625 806 3705 comprobetur,
835 3628 984 3704 quaeritur
1005 3623 1076 3705 quid
1098 3624 1170 3685 illud
1191 3624 1279 3704 διωρ-

209 3728 354 3791 θώσαντο
376 3731 502 3790 Tzetzae
530 3729 585 3789 sibi
613 3731 693 3790 uelit.
738 3728 824 3806 Quod
853 3729 1026 3789 uocabulum
1048 3751 1113 3789 cum
1136 3730 1220 3807 uolgo
1244 3729 1281 3790 de

207 3845 270 3894 arte
298 3838 396 3895 critica
425 3839 457 3895 in
485 3834 667 3894 recensendis
696 3835 777 3896 libris
805 3839 899 3914 posita
921 3844 1082 3916 usurpetur,
1105 3834 1175 3894 Keil
1198 3835 1230 3916 (l.
1254 3856 1279 3895 o.

207 3963 236 4020 p.
262 3940 335 4021 244)
359 3961 424 4000 curn
446 3943 559 4000 criticas
581 3938 721 4000 editiones
742 3960 760 3998 a
778 3940 974 4020 Lycophrone
995 3951 1024 4000 et
1040 3939 1208 4000 Alexandro
1231 3961 1279 4000 ex·

207 4047 313 4106 hibitus
343 4067 406 4106 esse
435 4048 514 4106 omni
541 4045 745 4125 probabilitate
767 4056 877 4118 careat,
907 4067 968 4106 rem
990 4049 1030 4105 ita
1051 4045 1105 4105 sibi
1128 4047 1224 4123 fingit,
1247 4056 1281 4105 ut

207 4153 260 4212 hos
290 4154 369 4213 uiros
398 4172 464 4211 cum
492 4154 523 4210 in
552 4151 633 4210 libris
663 4149 863 4210 examinandis
891 4161 988 4212 utrum
1016 4172 1034 4210 a
1064 4151 1139 4211 bono
1161 4151 1279 4212 librario
