2984 4740
560 289 774 352 ..21-

130 453 386 534 scenographicum
407 456 459 514 uix
481 458 612 516 inuenire
626 459 770 538 potuisse3
794 477 859 517 cum
878 460 1031 530 inuenerit,
1047 460 1078 517 in
1094 476 1128 515 eo
1144 477 1202 516 non

132 560 275 619 exstitisse
295 557 376 638 quod
397 565 624 642 exspectauerit3
647 561 725 642 quod
747 582 785 622 ne
804 563 993 622 Eratostheni
1013 562 1118 643 probro
1139 581 1204 624 uer·

134 672 212 724 tatur
238 672 315 724 recte
342 674 470 725 monent.
515 667 590 728 Cum
617 676 714 728 autem
741 667 876 728 imbuerit
903 671 936 730 in
964 667 1074 728 decimo
1101 665 1203 726 saltem

134 769 209 828 libro
227 770 489 850 scenographionm,
513 773 653 833 nonnulla
674 776 705 832 iu
725 773 781 833 hoe
793 773 868 834 libro
883 793 922 832 ox
934 775 998 854 ipso
1011 773 1205 832 Eratosthene

134 873 303 954 deprompta
323 893 387 934 esse
407 876 597 956 probabiliter
618 876 750 938 Rohdiua
771 880 893 940 coniecit
914 876 958 960 (p.
970 878 1035 956 23).
1074 877 1204 939 Galenus

132 981 333 1040 Eratosthenis
364 979 470 1041 librum
503 982 638 1044 habuisse
668 982 786 1044 uidetur
816 984 852 1044 ef.
880 1006 910 1063 p.
939 991 986 1052 17.
1036 985 1105 1044 Non
1135 985 1205 1042 satis

131 1085 203 1144 mihi
226 1093 339 1145 constat
360 1086 397 1145 de
419 1087 563 1146 Pausania
584 1098 613 1147 et
632 1088 719 1148 Aelio
739 1090 884 1168 Dionysio
905 1089 1062 1149 lexieorum
1084 1088 1205 1148 rhetori·

130 1211 231 1250 corum
266 1191 440 1251 auctoribus.
485 1193 579 1253 Nimis
612 1196 712 1274 inique
751 1213 821 1254 sane
858 1193 992 1254 Naberus
1028 1196 1058 1253 in
1094 1194 1203 1274 proleg.

131 1295 169 1356 de
190 1297 333 1358 Attioistis
355 1296 411 1356 illis
433 1296 560 1358 iudicare
580 1296 697 1358 uidetur
717 1301 768 1378 qui
790 1300 907 1359 Aelium
928 1296 1062 1378 quidem,
1085 1301 1110 1359 si
1129 1301 1205 1378 Try-

131 1402 261 1484 phonem
290 1404 426 1482 excipias,
457 1405 554 1462 omnia
584 1423 660 1483 quae
688 1425 748 1463 non
776 1407 900 1486 propriis
927 1403 1031 1464 studiis
1052 1404 1109 1464 sibi
1129 1425 1205 1464 com·

132 1511 295 1589 parauerit,
328 1511 380 1568 uui
408 1509 591 1587 Diogeniano
626 1505 732 1568 debere
758 1509 915 1572 contendit.
958 1508 1058 1590 Atque
1085 1529 1123 1570 ex
1150 1513 1207 1569 uiri

132 1613 233 1674 indole
253 1613 385 1694 quidem,
412 1633 500 1693 quom
521 1615 655 1675 Eustath.
683 1619 772 1689 1390,
795 1623 835 1680 59
863 1615 1024 1693 glossarum
1044 1615 1206 1674 Atticarum

132 1729 301 1780 uenatorem
330 1739 393 1779 esse
422 1719 506 1794 dicit,
537 1719 688 1800 probabile
716 1729 760 1779 est
787 1720 905 1780 Aelium
933 1720 1108 1798 Dionysium
1134 1721 1206 1780 Era·

132 1827 275 1887 tosthenis
300 1823 406 1884 librum
430 1824 521 1884 doctis
548 1825 800 1886 obseruationibus
829 1825 867 1884 de
895 1825 1017 1885 dialecto
1044 1823 1142 1884 Attica
1164 1846 1207 1886 re-

131 1930 238 1992 fertum
258 1929 372 1990 adiisse.
416 1931 480 1990 Iam
501 1933 598 1992 confer
651 1962 652 1965 ¹

134 2078 205 2136 Hes.
239 2075 308 2155 ἤια·
342 2073 494 2157 βρώματα
521 2111 559 2121 -
587 2074 636 2135 καὶ
705 2075 791 2138 Phot.
814 2075 850 2135 cf.
873 2075 956 2136 Eust.
983 2083 1121 2150 144⁵,40
1143 2077 1205 2157 ἤια·
1252 2143 1256 2150 ,

133 2182 234 2263 ἄχυρα
258 2220 296 2228 -
319 2181 368 2242 καὶ
392 2178 498 2262 ἐφόδια
521 2217 565 2226 -
586 2180 636 2242 καὶ
706 2181 760 2259 τὴν
778 2185 856 2242 ’τῶν
893 2180 1024 2264 ὀσπρίων
1058 2181 1213 2264 καλάμην.

135 2285 322 2369 ἐπορευόμην
706 2285 801 2359 οὕτως
834 2283 1065 2369 Ἐρατοσθένης.
1108 2285 1144 2350 ‘0
1175 2287 1208 2348 ds*

705 2392 830 2472 ποιητὴς
873 2393 976 2465 ἁπλῶς
1018 2391 1092 2454 ἔοικε
1137 2394 1207 2476 (leg.

705 2494 817 2580 εἴρηκε)
838 2495 990 2578 βρώματα
1012 2533 1056 2547 —-
1084 2500 1134 2560 καὶ
1156 2499 1209 2562 τὸν

705 2603 747 2674 εἷς
775 2603 830 2675 τὰς
859 2612 931 2676 ναῦς
959 2604 1146 2684 ἐπισιτισμὸν
1177 2605 1208 2665 ὁ·

704 2707 798 2787 μοι’ως

133 2901 206 2942 num
227 2890 260 2940 tu
285 2900 354 2940 casn
381 2879 488 2939 factum
515 2897 577 2938 esse
604 2887 689 2958 putas
717 2885 750 2936 ut
775 2878 806 2935 in
829 2875 923 2935 lexico
946 2877 1089 2936 rhetorico
1113 2867 1210 2955 glossa

134 2988 282 3047 homerica
303 2988 344 3045 ita
365 3005 430 3045 oum
452 2986 560 3043 comica
579 2982 703 3042 conflata
724 2983 770 3055 sit,
794 2988 827 3041 ut
848 2981 915 3040 huic
937 2980 1137 3041 Eratosthenis
1158 3002 1209 3041 no·

133 3113 204 3152 men
233 3089 445 3169 subiungatur?
487 3093 550 3150 Imo
576 3088 701 3165 glossam
722 3087 895 3146 homericam
917 3094 1019 3146 auctor
1038 3085 1117 3167 apud
1138 3088 1210 3147 Dio-

134 3199 292 3277 genianum
314 3199 482 3269 inuenerat,
505 3192 705 3254 Eratosthenis
727 3193 863 3252 cornicem
885 3193 1150 3272 interpretationem
1173 3209 1210 3252 ex

135 3307 200 3385 ipso
230 3302 422 3361 Eratosthene
453 3297 576 3363 addidit.
618 3297 731 3356 Eadem
762 3315 809 3356 res
840 3305 884 3357 est
915 3298 946 3355 in
974 3297 1070 3375 glossa
1102 3293 1211 3379 Ἀρκὰς

135 3406 254 3492 (polide,
278 3408 362 3490 (frag.
387 3405 449 3488 16),
479 3425 555 3486 quae
575 3403 653 3484 apud
675 3403 804 3482 Hesych.
824 3401 913 3475 deest,
936 3401 1016 3482 apud
1036 3403 1210 3463 Pausaniam

134 3517 212 3574 inter
240 3509 312 3573 dnus
337 3512 447 3590 glossas
476 3531 513 3571 ex
535 3511 718 3587 Diogeniano
741 3506 809 3588 (nisi
831 3508 904 3568 forte
926 3527 963 3568 ex
984 3510 1047 3588 ipso
1066 3506 1209 3590 Didymo)

135 3621 323 3702 depromptas
355 3621 396 3678 ita
428 3616 623 3695 distinguitur,
657 3623 690 3673 ut
717 3614 841 3672 auctoris
872 3615 989 3673 nomine
1018 3616 1132 3692 signata
1162 3615 1209 3674 sit

135 3727 220 3788 Licet
247 3723 286 3784 ad
314 3743 387 3804 opus
415 3723 641 3802 geographicum
669 3721 828 3800 petineat,
859 3717 938 3798 quod
966 3740 1026 3780 non
1055 3717 1156 3796 cred03
1185 3721 1210 3779 si

135 3831 339 3911 geographicis
359 3831 403 3889 uti
424 3829 586 3888 Pausaniae
606 3825 726 3898 licebat,
755 3822 858 3903 quidni
880 3827 964 3884 etiam
987 3843 1075 3905 opere
1102 3849 1135 3890 π.
1158 3823 1210 3889 aa?

137 3939 235 3998 Etiam
266 3938 298 3995 in
325 3935 397 4014 frag.
422 3939 472 4010 22,
495 3942 546 4006 47,
571 3940 620 4006 75,
647 3935 705 3993 108
738 3932 790 3990 uix
817 3928 988 3990 crediderim
1015 3939 1074 3990 tam
1099 3928 1210 4011 auiplas

135 4042 246 4123 glossas
268 4043 299 4100 in
312 4042 495 4118 Diogeniano
517 4040 669 4110 exstitisse,
685 4035 763 4117 apud
780 4035 960 4116 Hesychinm
974 4039 1005 4095 in
1020 4035 1091 4096 haec
1106 4037 1212 4096 misera

135 4148 260 4209 frustula
283 4145 455 4227 deprauatas
476 4165 547 4206 osse.
