2984 4740
602 267 931 350 ..35..·

253 441 308 500 37.
330 440 386 501 Er.
424 436 531 498 Etsi.
556 439 694 514 286,33.
736 435 902 520 Δράξων
924 436 991 518 (leg.
1014 436 1168 523 Δρσξών).
1204 436 1248 499 Ἡ

165 537 246 613 λέξις
267 540 425 620 Σικελική·
459 541 567 623 (Gaisf.
589 541 609 620 ἡ
634 539 775 622 λεγομένη
797 541 834 606 Σ.
856 543 937 625 libr.)
960 543 1097 623 σημαίνει
1119 541 1153 604 δέ
1174 545 1245 617 τοὺς

161 641 237 706 κατ’
260 645 372 727 ἀησρὰν
392 646 610 728 τῶνάλφίτων
631 643 651 725 ἢ
672 647 768 726 [τοὺς]
795 636 893 708 άλλων
913 656 1003 709 τινῶν
1024 647 1244 728 δραττομένους

169 749 220 810 καί
242 749 441 831 ἁρπάζοντας.
484 751 591 824 Οὕτως
612 748 834 834 Ἐρατοσθένης
848 801 855 816 .
870 801 877 816 .
891 800 919 817 ..
936 753 1128 834 κοπηδάλους
1149 756 1243 819 καλεῖ.

169 856 267 938 Παρὰ
288 850 341 917 οὖν
362 857 398 918 τό
421 855 619 939 δράττεοθαι.
665 857 785 918 Lobeok
805 857 950 939 Aglaopn
966 859 998 919 11
1016 866 1093 923 1031
1113 859 1177 920 uult
1201 893 1245 908 -

168 957 403 1043 Ἐρατοσθένης.
447 960 600 1044 (Σώφρων
620 960 666 1043 δι’)
689 961 909 1040 καιμικιδάλους
929 966 1024 1024 καλεῖ.

258 1067 329 1128 Hes.
352 1066 480 1151 Δράξων
502 1069 572 1150 (leg.
588 1065 728 1149 δραξών).
765 1064 816 1128 Ἐν
832 1068 954 1156 Σικελία
977 1063 1028 1152 (ἦν
1044 1069 1132 1152 addo)
1155 1067 1244 1153 ίερόν,

166 1171 212 1244 είς
241 1172 258 1232 δ
288 1169 315 1233 oi
345 1173 467 1255 γεωργοί
499 1174 588 1253 εὐχὰς
610 1173 713 1255 (οὐλὰς
741 1174 789 1234 uel
811 1173 916 1246 σάλους
943 1173 1083 1236 Schmidt.
1107 1176 1245 1257 ἀπαρχὰς

166 1277 293 1360 Bernh.)
324 1274 454 1357 έπεμπον
477 1327 484 1342 .
509 1326 517 1341 .
541 1327 548 1342 .
574 1327 580 1342 .
612 1277 687 1338 ὅθεν
715 1278 764 1338 καί
794 1277 935 1362 δ’ραξόνες
963 1278 1139 1362 (δράσοντες
1165 1278 1243 1364 eod.)

166 1381 354 1462 ἐκλήθησαν.

256 1487 333 1549 Ibid.
366 1488 603 1567 Καψιπήδαλος.
646 1483 681 1549 Ὁ
708 1486 786 1565 μετὰ
814 1497 876 1550 τῶν
904 1490 942 1550 τὰ
968 1491 1081 1574 άλφιτα
1103 1492 1180 1572 [καί]
1201 1492 1244 1572 μὴ

168 1593 318 1655 διδόντων
347 1593 491 1672 ἁλόμενος
520 1591 730 1676 (διαδιδόντων
752 1591 904 1672 ἀλώμενος
925 1596 999 1660 Lob.
1020 1595 1245 1673 μεταδιδόντων

170 1699 340 1777 είλοάμενος
361 1699 499 1760 Schmidt
545 1701 593 1759 An
621 1687 733 1780 άλιριτα
749 1747 756 1762 .
775 1747 781 1762 .
799 1747 831 1764 ..
860 1699 910 1761 καί
932 1699 975 1780 μὴ
997 1699 1142 1763 διδόντων
1164 1700 1245 1763 ἀλώ-

119 1813 125 1831 ’
169 1805 297 1887 nenne)
327 1804 478 1865 Schmidtii
500 1807 681 1864 coniecturae
709 1802 791 1884 (Did.
814 1827 844 1884 p.
870 1806 934 1887 58.)
964 1804 1065 1886 Δράξ·
1089 1806 1151 1887 ὠνή
1179 1808 1244 1869 Em.

169 1911 228 1970 vel.
252 1909 395 1991 Δράξιον·
426 1909 522 1971 θυσία
550 1910 598 1969 vel
626 1904 713 1991 ἑορτὴ
742 1907 950 1989 ἐπιτελουμένη
973 1909 1039 1971 Σικ.
1065 1932 1083 1974 ο
1105 1932 1173 1973 uero
1195 1915 1246 1974 ab·

170 2027 255 2091 sunt,
284 2036 351 2075 nom
381 2034 444 2076 esse
472 2014 591 2098 δ’ραξιίιν
618 2035 723 2075 nomen
751 2018 864 2094 agentis
886 2014 969 2075 docet
990 2016 1146 2078 similitudo
1168 2021 1247 2078 uocis

171 2120 296 2203 πραξών
311 2122 346 2181 ef.
364 2121 473 2182 Herod.
491 2125 607 2194 11732,
627 2128 640 2183 l
664 2119 694 2201 (Ι
710 2127 760 2192 34,
773 2127 802 2183 9.
824 2120 958 2200 Theogn.
976 2125 1025 2195 38,
1040 2121 1093 2204 20)
1116 2120 1245 2203 πρηξών,

170 2227 334 2311 πρηξόνος·
371 2225 467 2298 οότοις
496 2226 554 2308 γὰρ
583 2227 653 2297 τοὺς
682 2224 841 2307 ἀγοραίους
872 2228 994 2288 καλοῦσι
1029 2226 1155 2288 Σικελοί.
1201 2229 1245 2289 of.

170 2334 281 2395 Bemh.
304 2356 333 2415 p.
361 2339 430 2399 165.
473 2331 568 2392 Hiller
590 2353 619 2412 p.
646 2335 714 2395 121.

259 2507 314 2564 38.
331 2505 385 2566 Er·
420 2502 552 2582 Hypoth„
568 2501 636 2561 Pae.
652 2501 710 2563 111.
750 2499 879 2583 Φέρεται
900 2498 1053 2582 (φαίνεται
1064 2501 1107 2583 V)
1128 2500 1159 2561 ἓν
1180 2508 1247 2573 ταῖς

172 2606 383 2679 διδασκαλίαις
423 2606 486 2688 (καί
520 2600 624 2687 ἑτέραν
656 2604 724 2666 odd.
754 2604 838 2688 Ald.)
872 2605 1037 2684 δεδιδαχὼς
1072 2605 1247 2688 Εἰρήνην

172 2711 285 2793 ὁμοίως
313 2711 330 2772 ό
363 2708 590 2796 Ἀριστοφάνης.
634 2703 762 2790 ’.Άδηλον
798 2705 860 2786 οὖν,
894 2711 985 2792 φησίν
1013 2701 1247 2793 Ἐρατοσθένης,

172 2819 301 2902 πότερον
333 2819 389 2899 τὴν
410 2818 515 2897 ἀὐτὴν
547 2816 727 2893 άνεδιδαξεν,
757 2814 777 2896 ἢ
807 2811 912 2897 ἑτέραν
943 2819 1090 2896 καθῆκεν,
1118 2817 1185 2898 ἥτις
1204 2820 1249 2880 »οὐ

173 2925 312 3001 σώζεται.
357 2923 484 3006 Κράτης
517 2921 618 3003 μέντοι
651 2922 706 2985 δάο
737 2916 799 2984 οίδε
828 2920 971 3004 δράματα
998 2920 1124 3005 γράφων
1152 2923 1249 2996 οὕτως

174 3029 263 3110 ,ἀλλ’
286 3025 338 3092 οὖν
358 3053 390 3113 γε
413 3029 444 3092 ἓν
465 3036 528 3102 τοΐς
544 3025 737 3110 Ἀχαρνεῦσιν
758 3026 778 3108 ἢ
798 3024 1042 3108 Βαβυλωνιόιςῆ
1063 3027 1094 3089 έν
1106 3035 1145 3114 τῇ
1161 3025 1248 3118 ἓτέρρι

174 3137 313 3220 Είρήνη“
336 3136 386 3198 καὶ
409 3133 564 3218 σποράδην
584 3132 620 3196 δέ
639 3133 705 3216 (διά
718 3134 758 3216 V)
781 3157 848 3196 τινα
863 3134 1018 3213 ποιήματα
1032 3134 1248 3217 παρατίθεται,

175 3245 255 3325 άπερ
276 3243 306 3302 ἐν
331 3249 369 3325 τῇ
391 3249 444 3300 νῦν
466 3238 614 3323 φερομένῃ
636 3241 689 3301 οδιι
712 3237 801 3302 ἔστιν.
846 3240 889 3300 cf.
911 3239 1010 3318 Bergk
1029 3241 1101 3319 stag.
1123 3261 1195 3302 com.
1218 3247 1249 3306 Π

181 3354 272 3414 1063.
317 3345 404 3410 Kook
425 3347 497 3424 frag.
519 3365 592 3406 eom.
615 3350 629 3408 I
653 3352 723 3410 467.
769 3345 878 3406 Bernh.
899 3346 973 3423 frog.
993 3345 1114 3410 XXIII.

262 3523 317 3580 39.
332 3520 386 3580 Er.
418 3516 524 3580 Poll.I
544 3523 611 3579 145.
653 3515 697 3575 Τό
720 3513 752 3574 δέ
774 3517 888 3575 κωλῦον
908 3511 1060 3575 ἐκπίπτειν
1075 3515 1128 3575 τόν
1142 3515 1250 3597 τροχὸν

176 3621 403 3704 έμπηηνάμενον
429 3623 473 3704 τῷ
502 3621 583 3694 άξονι
614 3618 794 3700 παροξόνιον
818 3617 837 3701 ἢ
864 3619 905 3692 ὡς
927 3621 955 3681 Γ
951 3619 1210 3703 οργιάςέπίβολος
1230 3618 1249 3701 ἢ

177 3729 221 3801 ὡς
240 3723 463 3810 Ἐρατοσθένης
484 3722 660 3805 ἕμβολος,
700 3726 888 3786 Manifestum
909 3736 954 3786 est
974 3725 1123 3786 Pollucem
1143 3729 1175 3786 in
1196 3727 1251 3786 hoo

176 3834 372 3914 descriptione
401 3852 501 3892 currus
522 3833 708 3892 Eratostheni
737 3831 821 3911 pluro
842 3830 957 3891 debere.
1001 3832 1202 3910 Βοττιαίους.
1226 3836 1250 3896 1.

263 4028 319 4087 40.
341 4025 401 4086 Eu.
446 4019 544 4082 Sobel.
567 4022 644 4082 Plut.
669 4029 729 4084 904
753 4018 871 4102 (Sinin).
909 4020 1092 4101 Σκήπτομαί
1110 4018 1156 4104 γ’,
1179 4021 1251 4083 όταν

176 4129 271 4208 τύχω.
315 4124 486 4210 Εδφρόνιός
507 4148 599 4209 φησιν
628 4126 669 4198 άις
690 4134 751 4187 τῶν
778 4123 958 4206 ἐμπόριον
981 4127 1024 4206 μὴ
1046 4124 1183 4199 ἔξιόνταιν
1204 4123 1251 4186 int

1043 4243 1081 4299 3.
