2984 4740
706 281 919 346 ..44-

183 531 187 540 „
226 397 228 422 Ι
278 455 430 534 Quomodo
451 455 557 515 lacuna
577 451 656 533 apud
677 453 748 516 Hes.
770 449 916 532 explenda
937 453 974 510 eit
989 450 1073 510 docet
1086 450 1175 510 schol.
1191 450 1263 528 Lys.
1278 454 1349 514 722.

384 575 432 633 Et.
455 575 496 636 M.
522 579 592 644 299,
612 579 660 635 54.
811 571 814 674 Ι
964 572 1046 630 Euat.
1075 575 1163 641 1413,
1183 575 1232 634 34.

278 678 512 754 Είλυσπᾶσθαι,
542 677 576 737 τὸ
603 676 714 754 ὁμοίως
735 679 779 760 τῷ
845 709 889 721 -
903 673 1004 735 καὶτὸ
1020 675 1217 749 ίλυσπᾶσθαι,
1238 672 1349 734 ύὲστιν

278 783 345 868 ύφει
373 785 422 844 καὶ
450 785 494 867 τῷ
515 781 646 862 σκώληκι
669 790 778 843 κινεΐσ-
848 779 957 858 ὁμοίως
986 778 1052 863 ίίφει
1082 781 1132 840 καί
1154 778 1284 859 σκώληκι
1307 779 1349 839 εί-

278 893 351 950 θαι·
397 889 447 950 καί
492 886 698 966 είλυσπώμενα
741 890 779 949 τὰ
848 889 970 946 λεΐσθαι
1003 887 1052 946 καὶ
1082 888 1231 960 σπᾶσθαι,
1262 885 1351 966 ἤγουν

276 995 492 1077 παραπλησίως
524 1001 587 1066 τοῖς
616 993 701 1075 ὄφεσι
729 993 779 1052 καί
848 994 1011 1056 κινεῖσθαι.
1052 984 1148 1052 Ὅθεν
1173 991 1223 1050 καὶ
1252 990 1350 1051 είλύσ-

278 1098 405 1180 σκώληξι
429 1099 596 1178 κινούμενα.
629 1089 703 1160 Ἀπὸ
726 1107 780 1158 τοῦ
848 1119 939 1174 ποιμα
968 1097 987 1176 ἡ
1017 1097 1141 1177 τοιαύτη
1163 1096 1285 1176 κίνησις.
1310 1135 1349 1142 -

279 1203 427 1267 είλεΐσθαι
450 1205 499 1264 καὶ
522 1207 672 1264 σπᾶσθαι.
849 1199 962 1274 Αίλιος
990 1201 1023 1262 (λε’
1045 1201 1202 1275 Διονύσιος
1225 1203 1274 1263 καὶ
1297 1210 1352 1262 τοῦ

321 1311 365 1372 of.
389 1312 460 1371 Hes.
476 1331 498 1374 s.
514 1331 542 1371 v.
566 1307 779 1374 είλυσπᾶσθαι,
850 1305 1020 1389 ίθύφαλλος
1063 1308 1117 1388 τὴν
1158 1309 1253 1390 ἀρχὴν
1300 1307 1352 1368 διὰ

849 1413 1019 1496 διφθόγγου
1038 1413 1157 1496 γράφει.

280 1535 357 1594 Mire
377 1555 437 1594 uox
459 1534 632 1612 είλύσπωμα
654 1536 775 1594 fortasse
795 1553 891 1594 error-e
905 1534 982 1593 Aelii
1005 1553 1040 1592 ex
1064 1530 1269 1611 είλυσπώμενα
1288 1532 1350 1604 (m.

279 1639 337 1722 M.)
360 1650 423 1700 orta
445 1651 495 1700 est.
540 1640 647 1700 Bernh.
670 1640 742 1717 frag,
765 1639 930 1700 XXVHIu
961 1637 1100 1711 Schmidt,
1123 1637 1192 1698 Did.
1218 1646 1265 1702 46.

318 1969 321 1976 ⁴
364 1932 502 1991 emmo.
546 1927 642 1987 Soliol.
671 1929 863 1994 Βοη.1093.
897 1917 990 2013 Kdo'
1015 1924 1042 1986 οί
1064 1928 1262 2007 Κεραμῆς.
1313 1922 1350 1986 Oi

279 2032 331 2093 τὸν
353 2033 545 2112 Κεραμεικὸν
567 2032 724 2103 οἰκοῦντες.
762 2032 868 2112 Δῆμος
889 2030 921 2094 dd
943 2029 1120 2112 >ιίθηναίων.
1156 2028 1237 2092 Ἐκεῖ
1256 2031 1313 2112 γὰρ
1335 2029 1350 2090 ὁ

178 2197 181 2202 ,
276 2135 358 2217 ἀγὼν
380 2133 499 2215 ἐγίνετο.
541 2138 607 2198 Καὶ
629 2137 659 2198 ἐν
682 2137 816 2220 Πλούτῳ
838 2135 948 2220 πρώτῳ
978 2135 990 2221 ΙΙ
1019 2141 1089 2198 Τῶν
1104 2135 1351 2217 λαμπαδηφόρων

279 2262 311 2301 τε
326 2243 464 2301 πλεῖστον
486 2239 586 2300 αίτιάν
607 2247 670 2312 τοῖς
690 2241 831 2314 ὑστάτοις
852 2245 1001 2303 πλατειῶν
1023 2243 1085 2324 (πλ.
1109 2265 1136 2303 τ.
1159 2243 1224 2308 dot,
1247 2241 1351 2322 Diod.)

280 2348 352 2424 frog.
374 2367 446 2406 eom.
469 2347 501 2406 Π
528 2353 606 2410 1130
626 2344 649 2430 Η.
697 2350 795 2408 Τοῦτο
824 2346 859 2408 δέ
886 2370 977 2430 φησιν
999 2346 1176 2430 Εὐφρόνιος,
1206 2347 1252 2408 ὅτι
1281 2349 1351 2427 ἀγο-

279 2449 370 2531 μένου
399 2453 499 2532 (Kuet.
526 2453 586 2513 ἀπὸ
616 2453 693 2536 eod.)
727 2461 781 2512 τοῦ
812 2451 842 2512 ἐν
875 2455 918 2535 τᾷ
947 2453 1130 2536 Κεραμεικῷ
1157 2455 1271 2534 ἀγῶνος
1299 2460 1352 2530 τῆς

280 2556 437 2635 λαμπάδος
460 2555 546 2639 (ἔθος
566 2551 603 2638 ἦν
624 2558 691 2618 edd.
714 2559 816 2640 Kuet.)
840 2558 902 2637 [nai
919 2557 976 2618 del.
992 2559 1093 2637 Rust]
1116 2560 1185 2629 τοὺς
1206 2557 1351 2628 ὑστάτους

279 2660 439 2743 τρέχοντας
461 2661 535 2748 [ἀπὸ
551 2664 607 2725 del.
623 2665 725 2742 Kuet.]
746 2672 807 2723 τῶν
828 2661 963 2742 ιλρομίιιιν
985 2664 1085 2746 (Kuet.
1108 2663 1257 2744 ἀγοραίων
1272 2662 1351 2744 eod.)

280 2767 450 2829 τύπτεσθαι
472 2769 626 2841 πλατείαις
647 2769 705 2830 ono
727 2777 788 2829 τῶν
812 2768 973 2830 νεανίσκων
992 2769 1086 2851 χερσί.
1131 2769 1196 2829 Καὶ
1219 2767 1350 2850 λέγονται

282 2868 314 2931 αἱ
337 2881 475 2932 τοιαῦται
498 2874 746 2954 Κεραμεικαὶ
768 2875 887 2955 πληγαί.
906 2914 945 2922 -
968 2877 1089 2935 Kueteri
1110 2875 1272 2934 emendatio
1294 2895 1351 2934 ma-

279 2980 323 3055 gis
345 2977 440 3058 placet
461 2999 548 3058 quam
571 2980 722 3039 Fritzeehii
744 2983 776 3039 in
797 2979 931 3054 editione,
963 2982 1027 3044 fort.
1051 2990 1148 3040 autem
1169 2980 1350 3040 scribendum

283 3079 370 3163 (ἔθος
391 3075 442 3163 ἢ)
465 3131 472 3145 .
498 3131 505 3146 .
529 3131 536 3147 .
566 3082 616 3144 καί
639 3085 717 3156 τοὺς,
762 3086 969 3162 Fragmentum
998 3106 1035 3146 ex
1064 3087 1159 3165 priore
1180 3086 1266 3145 Pluto
1288 3094 1352 3167 post

279 3207 380 3248 uocem
401 3187 492 3269 χερσί
518 3187 702 3250 inserendum
730 3209 799 3250 esse·
820 3191 951 3251 arbitror.
995 3191 1082 3250 Redit
1103 3170 1267 3271 Euphronii
1288 3189 1351 3250 doo-

279 3296 355 3354 trina
369 3295 400 3352 in
414 3295 503 3357 schol.
519 3295 593 3359 Rau,
614 3302 703 3358 1096.
729 3297 805 3366 Ταῖς
819 3295 982 3368 πλατείαις.
1008 3299 1085 3368 Ταῖς
1100 3296 1254 3368 πλατείαις
1266 3295 1354 3378 χερσί

280 3396 426 3478 ιλήλονύτι.
458 3393 504 3459 Ἢ
522 3398 670 3476 μάστιξιν.
705 3393 751 3459 Ἢ
769 3399 847 3461 ούτω
867 3399 1037 3482 λεγομέναις
1050 3401 1258 3483 Κεραμεικαΐς
1276 3404 1351 3480 πλη-

279 3511 346 3586 γαῖς
367 3503 530 3577 πλατείαις.

366 3609 408 3673 Οί.
433 3611 502 3672 Hes.
525 3611 725 3693 Κεραμεικαί.
754 3614 906 3675 Πλατεῖαι
928 3611 1047 3694 πληγαί.
1077 3606 1173 3693 Ἀγὼν
1187 3601 1351 3693 γὰρἈθή-

280 3737 364 3795 νησιν
384 3716 502 3795 εὐτελὴς
524 3715 555 3776 ἓν
576 3719 619 3800 τῷ
640 3719 833 3801 Κεραμεικῷ,
856 3718 888 3780 ἓν
903 3704 928 3802 ᾧ
940 3717 1084 3778 τύπτουσι
1101 3717 1256 3789 πλατείαις
1266 3716 1351 3800 χερσί

281 3823 351 3893 τοὺς
370 3821 412 3900 μὴ
435 3819 596 3903 τρέχοντας
617 3821 666 3882 καὶ
696 3822 765 3893 τοὺς
791 3821 898 3892 ἄλλους
919 3823 1086 3904 ἀγωνιστὰς
1106 3821 1232 3903 γέλωτος
1251 3822 1350 3902 χάριν.

280 3927 364 3988 Phot.
388 3927 585 4008 Κεραμεικαί.
615 3928 766 3988 Πλατεΐαι
790 3928 909 4009 πληγαί.
950 3932 1029 4000 Τοὺς
1048 3930 1106 4012 γὰρ
1121 3925 1270 4011 ῥαθύμως
1283 3926 1351 4008 τρί-

278 4053 388 4110 χοντας
407 4032 578 4094 τύπτουσιν.

365 4139 443 4198 Num
466 4157 542 4218 quae
568 4138 640 4198 alias
662 4137 699 4197 de
720 4138 964 4219 lempededromia
986 4139 1146 4222 traduntur⁸
1160 4139 1242 4200 uelut
1262 4140 1351 4200 schol.
