2984 4740
587 313 800 378 ..73-

162 471 308 567 πρσσθεὶς
334 483 380 544 ὅτι
411 482 503 543 ἐνίοτε
532 483 671 562 σημαίνει
698 484 749 544 καὶ
781 484 816 544 τὸ
844 484 1019 566 φροντίζειν.
1064 482 1237 566 Ἡρακλέων

162 588 195 652 δι’
216 571 495 668 καταμεμψάμενος
516 584 709 670 Λοκόφρονά
731 611 822 672 φησιν
844 583 919 650 εἶναι
942 590 977 651 τὸ
999 589 1184 673 ἐπιστρεφῶς
1205 615 1234 666 τι

162 687 305 777 πράττειν
327 691 346 774 ἢ
368 693 503 776 ἐνεργεῖν.
548 693 613 754 Καὶ
638 690 857 776 Ἀρτεμίδωρος
879 692 925 777 (δέ
946 694 1012 755 add.
1034 695 1176 778 Schmidt)
1199 697 1235 757 τὸ
1265 701 1272 730 i

163 799 337 884 φροντίζειν.
387 797 539 879 Φρύνιχος
561 797 706 871 Μάσταις
728 821 756 864 κ.
778 821 807 864 τ.
830 802 856 859 λ.

247 907 337 966 Recte
357 902 489 965 Schmidt
510 901 552 983 (p.
573 904 627 985 49)
659 907 754 987 prima
774 904 865 966 uerba
885 924 904 964 a
925 905 1118 986 Lycophrone
1140 908 1235 968 aliena

161 1031 224 1072 csse
244 1009 361 1082 iudicat,
384 1029 450 1068 cum
467 1009 655 1070 Heracleonis
676 1011 876 1091 interpretatio
896 1010 1082 1090 Lycophroni
1102 1015 1235 1093 opposita

160 1114 237 1176 idem
258 1115 319 1174 fcrc
340 1114 445 1174 ualeat.
482 1115 561 1174 Num
577 1115 779 1176 Eratosthenis
799 1118 837 1174 sit
858 1115 979 1175 fortasse
999 1116 1038 1176 ab
1054 1117 1233 1178 Hcrcclccnc

160 1223 297 1301 exscripti
318 1218 445 1279 dubitari
465 1226 568 1300 potest.

245 1327 328 1386 Euat.
352 1330 424 1396 368,
441 1329 469 1383 3.
517 1321 679 1398 Τεατάζειν
700 1322 815 1406 λέγεται
836 1325 915 1385 κατὰ
937 1322 1051 1386 Λίλιον
1075 1324 1234 1389 Διονύσιον

160 1433 196 1494 cd
218 1431 264 1493 έπὶ
287 1431 363 1491 πολὺ
385 1427 592 1510 προσεδρεύειν
613 1430 657 1512 τῷ
678 1430 762 1513 αὐτῷ
784 1428 949 1510 πράγματι.
1236 1427 1249 1454 ⁶

245 1539 316 1596 Hcs.
343 1531 495 1609 Τευτάζει.
525 1533 684 1614 Σκευαιρεΐ.
721 1530 890 1614 Ἡοοχάζει.
929 1534 1097 1617 Διατρίβει.
1140 1534 1179 1597 Οἱ
1201 1534 1234 1597 δέ

160 1641 318 1726 φροντίζει.
362 1640 406 1700 Of.
429 1640 513 1699 Phct.
537 1659 560 1700 s.
584 1659 610 1697 v.
637 1638 812 1715 Ταυτάζιιν.
858 1642 978 1706 Bachm.
996 1643 1085 1705 An.1
1110 1649 1179 1715 386,
1204 1651 1232 1703 5.

159 1749 233 1810 Poll.
268 1752 312 1811 IX
349 1749 416 1808 137.
461 1741 558 1809 Schcl.
587 1744 664 1806 Plat.
694 1753 754 1811 363
788 1747 881 1806 Bekk.
926 1749 973 1806 Et.
1004 1747 1046 1807 M.
1079 1755 1149 1820 755,
1181 1751 1231 1815 38.

159 1856 296 1914 Zonaras.
312 1849 444 1931 Apostol.
459 1849 537 1909 XVI
553 1857 592 1912 40
609 1850 812 1933 (corruptum),
849 1853 927 1914 Tim.
943 1875 971 1934 p.
992 1858 1059 1916 132.
1091 1851 1231 1927 Schmidt,

159 1957 229 2019 Did.
253 1980 282 2038 p.
306 1965 346 2019 46
369 1975 429 2035 seq.
462 1955 571 2030 Naba,
594 1956 668 2038 prol.
690 1977 719 2037 p.
743 1964 789 2029 13,
814 1964 863 2021 66.
900 1959 987 2036 Fmg.
1011 1979 1085 2018 com.
1107 1961 1137 2020 Π
1161 1965 1231 2032 354,

161 2071 233 2137 375,
257 2069 327 2134 594,
352 2067 422 2126 646.

244 2275 320 2334 135.
345 2269 418 2334 *En
462 2271 631 2351 Schotsq.
656 2279 727 2334 446.
775 2271 1010 2355 Τερθρίους.
1050 2270 1090 2334 Οἱ
1111 2270 1232 2352 ἔσχατοι

160 2378 263 2455 κάλοι,
294 2377 344 2450 οὓς
366 2374 511 2458 έκιράροος
532 2379 673 2438 καλοῦσιν
695 2373 722 2437 οἱ
745 2385 869 2453 ναῦται,
903 2377 954 2451 οὓς
975 2378 1048 2438 ὅταν
1070 2376 1175 2460 ἐνδιδῷ
1197 2378 1233 2438 τὸ

158 2493 276 2563 πνεῦμα
298 2479 436 2565 πρώτους
457 2482 489 2543 ἐκ
511 2476 634 2565 πρῴρας
653 2485 780 2561 χαλῶσι.

244 2590 326 2650 Erot.
352 2593 420 2659 127,
451 2597 457 2646 1
487 2585 567 2670 (Kl.)
594 2587 661 2648 Καὶ
683 2584 711 2647 οἱ
733 2586 799 2666 περὶ
823 2593 896 2645 ναῢν
918 2582 1051 2668 ἔμπειροι
1074 2588 1234 2671 τερθρίους

159 2693 268 2766 κάλους
289 2690 468 2771 ὀνομάζουσι
491 2693 560 2763 τοὺς
582 2689 628 2753 ini
652 2691 728 2754 τέλει
751 2700 804 2753 τοῦ
826 2687 921 2756 ἱστοῦ.

245 2801 315 2860 Hcs.
342 2796 527 2879 Τέρθρ(ι)οι.
565 2794 603 2858 Οἱ
625 2797 667 2870 είς
687 2797 723 2858 τὸ
742 2795 830 2878 κέρας
852 2804 906 2858 τοῦ
928 2793 1024 2858 ἱστίου
1043 2791 1234 2878 ἑκατέρωθεν

159 2904 319 2985 δεδεμένοι,
342 2902 373 2964 ἓν
395 2895 439 2974 οἷς
458 2903 493 2962 τὸ
513 2901 642 2984 άρμενον
661 2900 786 2964 ἕλκουσι.

244 3012 330 3072 Phot.
347 3009 395 3090 (cf.
409 3009 457 3071 Et.
470 3008 512 3066 Μ.
527 3013 656 3080 75248.
669 3008 765 3091 Suid.)
783 3007 920 3090 Τερθρεί
940 3054 947 3069 .
985 3005 1028 3068 Ἡ
1046 3007 1203 3088 λεπτολογί
1224 3056 1232 3073 .

159 3108 267 3179 ’Ἑστιν
298 3113 357 3196 γάρ
389 3135 417 3173 τι
450 3112 580 3191 σχοινίον
608 3113 638 3175 έν
668 3119 733 3186 τοῖς
762 3114 875 3185 πλοίοις
902 3112 1020 3190 λεπτόν,
1053 3114 1068 3174 ὃ
1098 3116 1233 3173 καλεῖται

158 3219 306 3303 τέρθρον·
341 3219 415 3302 φασὶ
444 3215 480 3278 δέ
505 3239 582 3289 τινες
611 3219 650 3278 τὰ
678 3220 741 3280 άνω
770 3217 911 3298 τρήματα
942 3226 995 3280 τοῦ
1024 3217 1071 3278 tn>
1094 3220 1137 3301 τῷ
1159 3215 1234 3302 ἱστῷ

159 3325 296 3409 ὀργάνου,
319 3323 373 3407 ἀφ’
405 3316 441 3384 οὗ
460 3324 587 3405 ἤρτηται
608 3332 663 3384 τοῦ
684 3321 769 3385 ἱστοῦ
790 3324 809 3402 ἡ
831 3324 946 3406 κεραία.
992 3321 1039 3384 Ad
1059 3322 1136 3382 idem
1157 3323 1232 3402 frag·

158 3443 289 3494 mentum
321 3433 466 3511 pertinere
498 3437 568 3507 puto
601 3429 690 3488 schol.
724 3431 781 3508 Eq.
813 3436 884 3493 436.
928 3427 994 3489 Καὶ
1027 3436 1082 3488 τοῦ
1114 3428 1233 3500 ποδὸς

158 3538 268 3620 παρίει.
293 3573 332 3586 ·-·
355 3533 492 3605 Πάδος
519 3531 552 3594 δέ
574 3536 715 3595 καλοῦσιν
741 3531 768 3594 οἱ
791 3541 897 3594 ναῦται
920 3535 990 3605 τοὺς
1011 3530 1083 3614 παρ’
1097 3528 1233 3616 ’ἑκάτεροι

160 3640 296 3721 τὰμέρη
318 3640 417 3713 κάλοις
438 3637 645 3717 έκδεδεμένους
666 3647 719 3717 τῆς
740 3639 863 3718 ὀθόνης.
907 3639 952 3700 cf.
975 3639 1047 3717 frag.
1069 3645 1118 3703 66.

244 3855 321 3918 136.
344 3855 398 3914 Er.
443 3849 539 3911 Schol.
570 3848 655 3910 Pind.
685 3847 730 3909 Ol.
754 3852 800 3912 IX
828 3856 853 3911 1.
878 3883 921 3892 -
948 3845 1170 3926 Ἐρατοσθένης
1199 3849 1231 3908 δέ

159 3981 231 4042 φησι
259 3959 303 4039 μὴ
329 3955 470 4018 ἐπινίκιον
500 3949 575 4016 είναι
604 3953 640 4014 τδ
661 3950 832 4035 ’ίρχιλάχου
853 3956 958 4031 μέλος,
986 3949 1052 4012 ἀλλ’
1075 3951 1168 4029 ὕμνον
1190 3953 1232 4024 είς

157 4061 323 4146 Ἡρακλέα,
354 4059 496 4141 τριπλάον
524 4058 557 4121 δέ
580 4061 614 4121 οὐ
634 4058 685 4120 διὰ
706 4059 742 4121 τὸ
764 4056 796 4121 έκ
819 4067 910 4141 τριῶν
931 4065 1072 4140 στροφῶν
1093 4065 1231 4139 συγκεῖσ-

158 4172 227 4246 θαι,
242 4169 319 4229 ἀλλὰ
341 4168 391 4229 διὰ
414 4167 449 4227 τὸ
472 4167 536 4246 τρὶς
557 4165 797 4247 έοομνιάζεσδαι
820 4165 855 4225 τὸ
879 4164 1050 4226 Καλλίνικι.
1095 4165 1175 4247 Περὶ
1197 4161 1231 4224 δέ
