<?xml version="1.0" encoding="UTF-8"?>
<!DOCTYPE html PUBLIC "-//W3C//DTD XHTML 1.0 Transitional//EN"
    "http://www.w3.org/TR/xhtml1/DTD/xhtml1-transitional.dtd">
<html xmlns="http://www.w3.org/1999/xhtml" xml:lang="en" lang="en">
 <head>
  <title>
</title>
<meta http-equiv="Content-Type" content="text/html;charset=utf-8" />
  <meta name='ocr-system' content='tesseract 3.04.00' />
  <meta name='ocr-capabilities' content='ocr_page ocr_carea ocr_par ocr_line ocrx_word'/>
</head>
<body>
  <div class='ocr_page' id='page_1' title='image "./delycophroneeup01stregoog_0070.png"; bbox 0 0 2984 4740; ppageno 0'>
   <div class='ocr_carea' id='block_1_1' title="bbox 577 265 791 330">
    <p class='ocr_par' dir='ltr' id='par_1_1' title="bbox 577 265 791 330">
     <span class='ocr_line' id='line_1_1' title="bbox 577 265 791 330; baseline 0.005 -20"><span class='ocrx_word' id='word_1_1' title='bbox 577 265 791 330; x_wconf 67' lang='lat'>..63-</span> 
     </span>
    </p>
   </div>
   <div class='ocr_carea' id='block_1_2' title="bbox 211 435 1325 518">
    <p class='ocr_par' dir='ltr' id='par_1_2' title="bbox 211 435 1325 518">
     <span class='ocr_line' id='line_1_2' title="bbox 211 435 1325 518; baseline 0.01 -25"><span class='ocrx_word' id='word_1_2' title='bbox 211 438 303 495; x_wconf 45' lang='lat'><em>1107.</em></span> <span class='ocrx_word' id='word_1_3' title='bbox 327 436 386 496; x_wconf 78' lang='lat' dir='ltr'><em>Eu.</em></span> <span class='ocrx_word' id='word_1_4' title='bbox 408 435 515 494; x_wconf 80' lang='lat' dir='ltr'>Athen.</span> <span class='ocrx_word' id='word_1_5' title='bbox 538 435 587 494; x_wconf 88' lang='lat' dir='ltr'><em>XI</em></span> <span class='ocrx_word' id='word_1_6' title='bbox 610 443 670 499; x_wconf 84' lang='grc'><em>495</em></span> <span class='ocrx_word' id='word_1_7' title='bbox 682 455 709 494; x_wconf 78' lang='grc' dir='ltr'><em>α.</em></span> <span class='ocrx_word' id='word_1_8' title='bbox 726 456 749 494; x_wconf 82' lang='lat' dir='ltr'><em>c.</em></span> <span class='ocrx_word' id='word_1_9' title='bbox 773 436 957 501; x_wconf 87' lang='grc' dir='ltr'><em>Πελίνοιι.</em></span> <span class='ocrx_word' id='word_1_10' title='bbox 991 437 1222 518; x_wconf 86' lang='grc' dir='ltr'><em>Καλλίστρατος</em></span> <span class='ocrx_word' id='word_1_11' title='bbox 1320 493 1325 504; x_wconf 91' lang='grc'><strong>.</strong></span> 
     </span>
    </p>
   </div>
   <div class='ocr_carea' id='block_1_3' title="bbox 136 536 1222 1572">
    <p class='ocr_par' dir='ltr' id='par_1_3' title="bbox 136 536 1222 1458">
     <span class='ocr_line' id='line_1_3' title="bbox 146 536 1220 626; baseline 0.007 -29"><span class='ocrx_word' id='word_1_12' title='bbox 146 536 176 597; x_wconf 78' lang='grc' dir='ltr'><em>έν</em></span> <span class='ocrx_word' id='word_1_13' title='bbox 201 537 396 617; x_wconf 77' lang='grc' dir='ltr'><em>ὑπομνήμασι</em></span> <span class='ocrx_word' id='word_1_14' title='bbox 422 537 572 625; x_wconf 70' lang='grc' dir='ltr'><em>Θρᾳττῶν</em></span> <span class='ocrx_word' id='word_1_15' title='bbox 594 541 750 622; x_wconf 78' lang='grc' dir='ltr'><strong><em>Κρατίνου</em></strong></span> <span class='ocrx_word' id='word_1_16' title='bbox 779 541 945 604; x_wconf 88' lang='grc' dir='ltr'><em>ἀποδίδωσι</em></span> <span class='ocrx_word' id='word_1_17' title='bbox 976 542 1092 604; x_wconf 85' lang='grc' dir='ltr'><em>κύλικα.</em></span> <span class='ocrx_word' id='word_1_18' title='bbox 1129 543 1220 626; x_wconf 84' lang='grc' dir='ltr'><em>Κρύ-</em></span> 
     </span>
     <span class='ocr_line' id='line_1_4' title="bbox 144 637 1221 728; baseline 0.006 -26"><span class='ocrx_word' id='word_1_19' title='bbox 144 657 197 722; x_wconf 83' lang='grc' dir='ltr'><em>της</em></span> <span class='ocrx_word' id='word_1_20' title='bbox 219 637 249 702; x_wconf 81' lang='grc' dir='ltr'><em>δ’</em></span> <span class='ocrx_word' id='word_1_21' title='bbox 274 641 306 703; x_wconf 76' lang='grc' dir='ltr'><em>ἐν</em></span> <span class='ocrx_word' id='word_1_22' title='bbox 327 642 458 728; x_wconf 78' lang='grc' dir='ltr'><em>δευτέρῳ</em></span> <span class='ocrx_word' id='word_1_23' title='bbox 484 641 622 725; x_wconf 75' lang='grc' dir='ltr'><em>Ἀττικῆς</em></span> <span class='ocrx_word' id='word_1_24' title='bbox 643 644 800 728; x_wconf 80' lang='grc' dir='ltr'><em>διαλέκτου·</em></span> <span class='ocrx_word' id='word_1_25' title='bbox 820 646 929 728; x_wconf 88' lang='grc' dir='ltr'><em>γράφει</em></span> <span class='ocrx_word' id='word_1_26' title='bbox 952 647 1056 719; x_wconf 79' lang='grc' dir='ltr'><em>οὕτως.</em></span> <span class='ocrx_word' id='word_1_27' title='bbox 1093 645 1131 709; x_wconf 72' lang='grc' dir='ltr'><em>Οἱ</em></span> <span class='ocrx_word' id='word_1_28' title='bbox 1151 647 1221 726; x_wconf 82' lang='grc' dir='ltr'>χόες</span> 
     </span>
     <span class='ocr_line' id='line_1_5' title="bbox 144 745 1222 831; baseline 0.006 -25"><span class='ocrx_word' id='word_1_29' title='bbox 144 748 271 825; x_wconf 87' lang='grc' dir='ltr'><em>πελιίιαι,</em></span> <span class='ocrx_word' id='word_1_30' title='bbox 300 748 444 831; x_wconf 81' lang='grc' dir='ltr'><em>καθάπερ</em></span> <span class='ocrx_word' id='word_1_31' title='bbox 473 747 602 829; x_wconf 77' lang='grc' dir='ltr'><em>εἴπομεν,</em></span> <span class='ocrx_word' id='word_1_32' title='bbox 632 751 829 830; x_wconf 79' lang='grc' dir='ltr'><em>ὠνομάζοντο.</em></span> <span class='ocrx_word' id='word_1_33' title='bbox 875 748 910 812; x_wconf 89' lang='grc' dir='ltr'><em>Ὁ</em></span> <span class='ocrx_word' id='word_1_34' title='bbox 932 749 965 812; x_wconf 81' lang='grc' dir='ltr'><em>δέ</em></span> <span class='ocrx_word' id='word_1_35' title='bbox 987 751 1079 823; x_wconf 88' lang='grc' dir='ltr'><em>τύπος</em></span> <span class='ocrx_word' id='word_1_36' title='bbox 1108 745 1145 830; x_wconf 75' lang='grc' dir='ltr'><em>ἦν</em></span> <span class='ocrx_word' id='word_1_37' title='bbox 1167 761 1222 813; x_wconf 86' lang='grc' dir='ltr'><em>τού</em></span> 
     </span>
     <span class='ocr_line' id='line_1_6' title="bbox 143 853 1219 936; baseline 0.006 -24"><span class='ocrx_word' id='word_1_38' title='bbox 143 853 261 934; x_wconf 77' lang='grc' dir='ltr'><em>ἀγγείου</em></span> <span class='ocrx_word' id='word_1_39' title='bbox 290 853 437 935; x_wconf 88' lang='grc' dir='ltr'><em>πρότερον</em></span> <span class='ocrx_word' id='word_1_40' title='bbox 464 853 521 934; x_wconf 86' lang='grc' dir='ltr'><em>μέν</em></span> <span class='ocrx_word' id='word_1_41' title='bbox 542 863 605 928; x_wconf 80' lang='grc' dir='ltr'><em>τοῖς</em></span> <span class='ocrx_word' id='word_1_42' title='bbox 633 861 875 936; x_wconf 73' lang='grc' dir='ltr'><em>παναθηναϊκοΐς</em></span> <span class='ocrx_word' id='word_1_43' title='bbox 897 855 1009 931; x_wconf 71' lang='grc' dir='ltr'><em>ἐοικώς,</em></span> <span class='ocrx_word' id='word_1_44' title='bbox 1039 856 1127 934; x_wconf 78' lang='grc' dir='ltr'><em>ἡνίκα</em></span> <span class='ocrx_word' id='word_1_45' title='bbox 1149 856 1219 918; x_wconf 85' lang='grc' dir='ltr'><em>έκα-</em></span> 
     </span>
     <span class='ocr_line' id='line_1_7' title="bbox 142 955 1219 1042; baseline 0.004 -24"><span class='ocrx_word' id='word_1_46' title='bbox 142 961 221 1019; x_wconf 80' lang='grc' dir='ltr'><em>λεΐτο</em></span> <span class='ocrx_word' id='word_1_47' title='bbox 243 960 365 1039; x_wconf 83' lang='grc' dir='ltr'><strong><em>πελίκη,</em></strong></span> <span class='ocrx_word' id='word_1_48' title='bbox 396 959 521 1041; x_wconf 74' lang='grc' dir='ltr'><em>ὕστερον</em></span> <span class='ocrx_word' id='word_1_49' title='bbox 548 959 582 1022; x_wconf 82' lang='grc' dir='ltr'><em>δέ</em></span> <span class='ocrx_word' id='word_1_50' title='bbox 604 959 688 1041; x_wconf 82' lang='grc' dir='ltr'><em>έσχεν</em></span> <span class='ocrx_word' id='word_1_51' title='bbox 710 960 845 1042; x_wconf 72' lang='grc' dir='ltr'><em>οἰνοχόης</em></span> <span class='ocrx_word' id='word_1_52' title='bbox 866 970 987 1040; x_wconf 81' lang='grc' dir='ltr'><em>σχῆμα,</em></span> <span class='ocrx_word' id='word_1_53' title='bbox 1017 955 1076 1022; x_wconf 81' lang='grc' dir='ltr'><em>οἷοί</em></span> <span class='ocrx_word' id='word_1_54' title='bbox 1096 963 1169 1024; x_wconf 87' lang='grc' dir='ltr'><em>είσιν</em></span> <span class='ocrx_word' id='word_1_55' title='bbox 1193 960 1219 1024; x_wconf 73' lang='grc' dir='ltr'><em>οἱ</em></span> 
     </span>
     <span class='ocr_line' id='line_1_8' title="bbox 142 1059 1218 1148; baseline 0.005 -25"><span class='ocrx_word' id='word_1_56' title='bbox 142 1063 172 1123; x_wconf 75' lang='grc' dir='ltr'><em>ἓν</em></span> <span class='ocrx_word' id='word_1_57' title='bbox 186 1069 225 1147; x_wconf 79' lang='grc' dir='ltr'><em>τῇ</em></span> <span class='ocrx_word' id='word_1_58' title='bbox 238 1059 329 1148; x_wconf 68' lang='grc' dir='ltr'><em>ἑορτῇ</em></span> <span class='ocrx_word' id='word_1_59' title='bbox 350 1063 599 1147; x_wconf 86' lang='grc' dir='ltr'><em>παρατιθέμενοι,</em></span> <span class='ocrx_word' id='word_1_60' title='bbox 622 1067 742 1140; x_wconf 79' lang='grc' dir='ltr'><em>ὁποίους</em></span> <span class='ocrx_word' id='word_1_61' title='bbox 757 1067 867 1148; x_wconf 83' lang='grc' dir='ltr'><em>δήποτε</em></span> <span class='ocrx_word' id='word_1_62' title='bbox 884 1066 977 1139; x_wconf 79' lang='grc' dir='ltr'><em>ὄλπας</em></span> <span class='ocrx_word' id='word_1_63' title='bbox 992 1066 1126 1144; x_wconf 75' lang='grc' dir='ltr'><em>ἐκάλουν,</em></span> <span class='ocrx_word' id='word_1_64' title='bbox 1139 1066 1218 1148; x_wconf 88' lang='grc' dir='ltr'><em>χριίι-</em></span> 
     </span>
     <span class='ocr_line' id='line_1_9' title="bbox 140 1169 1220 1255; baseline 0.003 -26"><span class='ocrx_word' id='word_1_65' title='bbox 140 1191 225 1246; x_wconf 77' lang='grc' dir='ltr'><em>μενοι</em></span> <span class='ocrx_word' id='word_1_66' title='bbox 248 1170 325 1252; x_wconf 86' lang='grc' dir='ltr'><em>πρὸς</em></span> <span class='ocrx_word' id='word_1_67' title='bbox 345 1170 401 1250; x_wconf 78' lang='grc' dir='ltr'><em>τὴν</em></span> <span class='ocrx_word' id='word_1_68' title='bbox 422 1179 477 1233; x_wconf 79' lang='grc' dir='ltr'><em>τού</em></span> <span class='ocrx_word' id='word_1_69' title='bbox 498 1169 578 1233; x_wconf 85' lang='grc' dir='ltr'><em>οίνου</em></span> <span class='ocrx_word' id='word_1_70' title='bbox 601 1170 727 1255; x_wconf 82' lang='grc' dir='ltr'><em>έγχοσιν.</em></span> <span class='ocrx_word' id='word_1_71' title='bbox 749 1211 787 1220; x_wconf 90' lang='grc'><strong>-</strong></span> <span class='ocrx_word' id='word_1_72' title='bbox 811 1171 955 1244; x_wconf 78' lang='grc' dir='ltr'><em>Σέλευκος</em></span> <span class='ocrx_word' id='word_1_73' title='bbox 977 1171 1010 1232; x_wconf 84' lang='grc' dir='ltr'><em>δέ</em></span> <span class='ocrx_word' id='word_1_74' title='bbox 1032 1172 1220 1253; x_wconf 87' lang='grc' dir='ltr'><em>πελίχναν</em></span> 
     </span>
     <span class='ocr_line' id='line_1_10' title="bbox 141 1270 1219 1360; baseline 0.003 -25"><span class='ocrx_word' id='word_1_75' title='bbox 141 1275 296 1348; x_wconf 86' lang='grc' dir='ltr'><em>Βοιωτοὺς</em></span> <span class='ocrx_word' id='word_1_76' title='bbox 324 1275 380 1354; x_wconf 81' lang='grc' dir='ltr'><em>μέν</em></span> <span class='ocrx_word' id='word_1_77' title='bbox 402 1277 456 1357; x_wconf 78' lang='grc' dir='ltr'><em>τὴν</em></span> <span class='ocrx_word' id='word_1_78' title='bbox 477 1277 601 1352; x_wconf 85' lang='grc' dir='ltr'><em>κύλικα,</em></span> <span class='ocrx_word' id='word_1_79' title='bbox 631 1277 801 1360; x_wconf 79' lang='grc' dir='ltr'><em>Εὐφρόνιος</em></span> <span class='ocrx_word' id='word_1_80' title='bbox 823 1270 853 1340; x_wconf 75' lang='grc' dir='ltr'><em>δ’</em></span> <span class='ocrx_word' id='word_1_81' title='bbox 879 1278 911 1340; x_wconf 81' lang='grc' dir='ltr'><em>έν</em></span> <span class='ocrx_word' id='word_1_82' title='bbox 932 1277 1126 1356; x_wconf 76' lang='grc' dir='ltr'><em>ὑπομνήμασι</em></span> <span class='ocrx_word' id='word_1_83' title='bbox 1149 1280 1219 1349; x_wconf 81' lang='grc' dir='ltr'><em>τοὺς</em></span> 
     </span>
     <span class='ocr_line' id='line_1_11' title="bbox 136 1377 223 1458; baseline -0.011 -18"><span class='ocrx_word' id='word_1_84' title='bbox 136 1377 223 1458; x_wconf 86' lang='grc' dir='ltr'><em>χόας,</em></span> 
     </span>
    </p>

    <p class='ocr_par' dir='ltr' id='par_1_4' title="bbox 225 1476 1217 1572">
     <span class='ocr_line' id='line_1_12' title="bbox 225 1476 1217 1572; baseline 0.006 -28"><span class='ocrx_word' id='word_1_85' title='bbox 225 1486 301 1545; x_wconf 87' lang='lat' dir='ltr'>Poll.</span> <span class='ocrx_word' id='word_1_86' title='bbox 315 1487 347 1545; x_wconf 90' lang='lat' dir='ltr'>X</span> <span class='ocrx_word' id='word_1_87' title='bbox 361 1493 409 1548; x_wconf 86' lang='lat'><em>73.</em></span> <span class='ocrx_word' id='word_1_88' title='bbox 433 1476 530 1548; x_wconf 77' lang='grc' dir='ltr'><em>’Ἑνιοι</em></span> <span class='ocrx_word' id='word_1_89' title='bbox 541 1486 643 1565; x_wconf 89' lang='grc' dir='ltr'><em>μέντοι</em></span> <span class='ocrx_word' id='word_1_90' title='bbox 663 1489 716 1549; x_wconf 82' lang='grc' dir='ltr'><em>τάν</em></span> <span class='ocrx_word' id='word_1_91' title='bbox 731 1499 806 1568; x_wconf 78' lang='grc' dir='ltr'><em>χοῦν</em></span> <span class='ocrx_word' id='word_1_92' title='bbox 824 1490 874 1550; x_wconf 78' lang='grc' dir='ltr'><em>καὶ</em></span> <span class='ocrx_word' id='word_1_93' title='bbox 889 1489 1011 1568; x_wconf 84' lang='grc' dir='ltr'><em>πελίκην</em></span> <span class='ocrx_word' id='word_1_94' title='bbox 1028 1488 1217 1572; x_wconf 74' lang='grc' dir='ltr'><em>(πελίχνηνί)</em></span> 
     </span>
    </p>
   </div>
   <div class='ocr_carea' id='block_1_4' title="bbox 138 1587 1217 1766">
    <p class='ocr_par' dir='ltr' id='par_1_5' title="bbox 138 1587 1217 1766">
     <span class='ocr_line' id='line_1_13' title="bbox 139 1587 1216 1672; baseline 0.005 -23"><span class='ocrx_word' id='word_1_95' title='bbox 139 1593 309 1669; x_wconf 78' lang='grc' dir='ltr'><em>κεκλῆσθαι</em></span> <span class='ocrx_word' id='word_1_96' title='bbox 338 1591 489 1670; x_wconf 86' lang='grc' dir='ltr'><em>νομίζουσι</em></span> <span class='ocrx_word' id='word_1_97' title='bbox 519 1593 568 1652; x_wconf 81' lang='grc' dir='ltr'><em>καί</em></span> <span class='ocrx_word' id='word_1_98' title='bbox 599 1587 676 1655; x_wconf 73' lang='grc' dir='ltr'><em>εἶναι</em></span> <span class='ocrx_word' id='word_1_99' title='bbox 701 1595 834 1672; x_wconf 84' lang='grc' dir='ltr'><em>τούνομο</em></span> <span class='ocrx_word' id='word_1_100' title='bbox 856 1592 1034 1656; x_wconf 84' lang='grc' dir='ltr'><em>Βοιωτικόν.</em></span> <span class='ocrx_word' id='word_1_101' title='bbox 1078 1593 1122 1654; x_wconf 75' lang='lat' dir='ltr'><em>cf.</em></span> <span class='ocrx_word' id='word_1_102' title='bbox 1147 1593 1216 1654; x_wconf 65' lang='lat' dir='ltr'><strong>ibid„</strong></span> 
     </span>
     <span class='ocr_line' id='line_1_14' title="bbox 138 1694 1217 1766; baseline 0.007 -10"><span class='ocrx_word' id='word_1_103' title='bbox 138 1694 170 1754; x_wconf 91' lang='lat' dir='ltr'>X</span> <span class='ocrx_word' id='word_1_104' title='bbox 193 1703 245 1763; x_wconf 83' lang='grc'><em>67.</em></span> <span class='ocrx_word' id='word_1_105' title='bbox 291 1697 335 1758; x_wconf 79' lang='lat' dir='ltr'><em>cf.</em></span> <span class='ocrx_word' id='word_1_106' title='bbox 358 1698 444 1758; x_wconf 84' lang='lat' dir='ltr'>Phot.</span> <span class='ocrx_word' id='word_1_107' title='bbox 468 1700 538 1758; x_wconf 83' lang='grc' dir='ltr'><em>Ηεε.</em></span> <span class='ocrx_word' id='word_1_108' title='bbox 562 1720 585 1766; x_wconf 86' lang='lat' dir='ltr'><em>s.</em></span> <span class='ocrx_word' id='word_1_109' title='bbox 608 1719 635 1757; x_wconf 91' lang='lat' dir='ltr'><em>v.</em></span> <span class='ocrx_word' id='word_1_110' title='bbox 666 1698 810 1764; x_wconf 85' lang='grc' dir='ltr'><em>Πελίναν.</em></span> <span class='ocrx_word' id='word_1_111' title='bbox 855 1701 935 1761; x_wconf 84' lang='lat' dir='ltr'><strong>Curt.</strong></span> <span class='ocrx_word' id='word_1_112' title='bbox 967 1696 1119 1761; x_wconf 62' lang='grc' dir='ltr'><em>(λτοοάτ.8</em></span> <span class='ocrx_word' id='word_1_113' title='bbox 1143 1705 1217 1765; x_wconf 81' lang='grc' dir='ltr'><em>45λ.</em></span> 
     </span>
    </p>
   </div>
   <div class='ocr_carea' id='block_1_5' title="bbox 27 1801 447 1880">
    <p class='ocr_par' dir='ltr' id='par_1_6' title="bbox 27 1801 447 1880">
     <span class='ocr_line' id='line_1_15' title="bbox 27 1801 447 1880; baseline 0.017 -21"><span class='ocrx_word' id='word_1_114' title='bbox 27 1821 28 1876; x_wconf 70' lang='grc'><em>,</em></span> <span class='ocrx_word' id='word_1_115' title='bbox 138 1801 226 1880; x_wconf 70' lang='lat' dir='ltr'><strong>Frag.</strong></span> <span class='ocrx_word' id='word_1_116' title='bbox 249 1823 323 1865; x_wconf 79' lang='lat' dir='ltr'><strong>com.</strong></span> <span class='ocrx_word' id='word_1_117' title='bbox 345 1807 375 1864; x_wconf 90' lang='grc' dir='ltr'><em>ΙΙ</em></span> <span class='ocrx_word' id='word_1_118' title='bbox 398 1810 447 1866; x_wconf 82' lang='grc'><em>64.</em></span> 
     </span>
    </p>
   </div>
   <div class='ocr_carea' id='block_1_6' title="bbox 25 2012 1215 2431">
    <p class='ocr_par' dir='ltr' id='par_1_7' title="bbox 25 2012 1215 2431">
     <span class='ocr_line' id='line_1_16' title="bbox 180 2012 1215 2116; baseline -0.001 -44"><span class='ocrx_word' id='word_1_119' title='bbox 180 2017 255 2075; x_wconf 79' lang='lat'><em>108.</em></span> <span class='ocrx_word' id='word_1_120' title='bbox 268 2013 322 2075; x_wconf 84' lang='lat' dir='ltr'><em>Er.</em></span> <span class='ocrx_word' id='word_1_121' title='bbox 345 2012 442 2072; x_wconf 80' lang='lat' dir='ltr'>Schol.</span> <span class='ocrx_word' id='word_1_122' title='bbox 454 2013 556 2094; x_wconf 84' lang='lat' dir='ltr'><strong>Eurip.</strong></span> <span class='ocrx_word' id='word_1_123' title='bbox 570 2013 643 2074; x_wconf 84' lang='grc' dir='ltr'><em>Ηεο.</em></span> <span class='ocrx_word' id='word_1_124' title='bbox 675 2013 678 2116; x_wconf 59' lang='grc' dir='ltr'><em>ρ</em></span> <span class='ocrx_word' id='word_1_125' title='bbox 754 2014 840 2076; x_wconf 87' lang='lat' dir='ltr'><strong>Phot.</strong></span> <span class='ocrx_word' id='word_1_126' title='bbox 862 2012 971 2095; x_wconf 75' lang='lat' dir='ltr'><strong>(said.)</strong></span> <span class='ocrx_word' id='word_1_127' title='bbox 997 2013 1215 2094; x_wconf 86' lang='grc' dir='ltr'><em>Περιαγει-</em></span> 
     </span>
     <span class='ocr_line' id='line_1_17' title="bbox 136 2109 1214 2200; baseline 0.002 -23.815"><span class='ocrx_word' id='word_1_128' title='bbox 136 2123 209 2180; x_wconf 73' lang='grc'><strong>574.</strong></span> <span class='ocrx_word' id='word_1_129' title='bbox 261 2117 391 2189; x_wconf 79' lang='grc' dir='ltr'><em>Φύλλοις</em></span> <span class='ocrx_word' id='word_1_130' title='bbox 425 2116 560 2196; x_wconf 68' lang='grc' dir='ltr'><em>ἔβαλλον.</em></span> <span class='ocrx_word' id='word_1_131' title='bbox 599 2153 643 2166; x_wconf 86' lang='grc'><em>--</em></span> <span class='ocrx_word' id='word_1_132' title='bbox 711 2117 881 2199; x_wconf 83' lang='grc' dir='ltr'><em>ρύμενοι.</em></span> <span class='ocrx_word' id='word_1_133' title='bbox 899 2109 1019 2200; x_wconf 84' lang='grc' dir='ltr'><em>Ὥσπερ</em></span> <span class='ocrx_word' id='word_1_134' title='bbox 1042 2113 1069 2176; x_wconf 75' lang='grc' dir='ltr'><em>οἱ</em></span> <span class='ocrx_word' id='word_1_135' title='bbox 1093 2115 1214 2198; x_wconf 86' lang='grc' dir='ltr'><em>νικηφό-</em></span> 
     </span>
     <span class='ocr_line' id='line_1_18' title="bbox 26 2199 1212 2306; baseline 0 -24"><span class='ocrx_word' id='word_1_136' title='bbox 26 2199 27 2214; x_wconf 29' lang='lat'>¹</span> <span class='ocrx_word' id='word_1_137' title='bbox 136 2217 361 2303; x_wconf 69' lang='grc' dir='ltr'><em>Ἐρατοσθένης</em></span> <span class='ocrx_word' id='word_1_138' title='bbox 391 2223 449 2304; x_wconf 81' lang='grc' dir='ltr'><em>γὰρ</em></span> <span class='ocrx_word' id='word_1_139' title='bbox 484 2224 551 2306; x_wconf 83' lang='grc' dir='ltr'><em>περί</em></span> <span class='ocrx_word' id='word_1_140' title='bbox 588 2234 643 2304; x_wconf 82' lang='grc' dir='ltr'><em>τῆς</em></span> <span class='ocrx_word' id='word_1_141' title='bbox 710 2246 756 2303; x_wconf 91' lang='grc' dir='ltr'><em>ροι</em></span> <span class='ocrx_word' id='word_1_142' title='bbox 771 2222 1054 2306; x_wconf 87' lang='grc' dir='ltr'><em>περιαγ(ειρ)ύμενοι</em></span> <span class='ocrx_word' id='word_1_143' title='bbox 1068 2222 1212 2302; x_wconf 85' lang='grc' dir='ltr'><em>ἀθληταί.</em></span> 
     </span>
     <span class='ocr_line' id='line_1_19' title="bbox 25 2315 1213 2431; baseline 0 -43"><span class='ocrx_word' id='word_1_144' title='bbox 25 2315 28 2410; x_wconf 60' lang='lat' dir='ltr'><em>J</em></span> <span class='ocrx_word' id='word_1_145' title='bbox 138 2328 339 2409; x_wconf 79' lang='grc' dir='ltr'><em>φυλλοβολίας</em></span> <span class='ocrx_word' id='word_1_146' title='bbox 360 2327 461 2411; x_wconf 85' lang='grc' dir='ltr'><em>φησίν,</em></span> <span class='ocrx_word' id='word_1_147' title='bbox 488 2329 529 2401; x_wconf 82' lang='grc' dir='ltr'><em>ὡς</em></span> <span class='ocrx_word' id='word_1_148' title='bbox 548 2329 640 2391; x_wconf 86' lang='grc' dir='ltr'><em>πύλαι</em></span> <span class='ocrx_word' id='word_1_149' title='bbox 674 2361 676 2431; x_wconf 64' lang='grc' dir='ltr'><em>ρ</em></span> <span class='ocrx_word' id='word_1_150' title='bbox 710 2328 873 2400; x_wconf 77' lang='grc' dir='ltr'><em>Πολιτείας</em></span> <span class='ocrx_word' id='word_1_151' title='bbox 903 2329 919 2390; x_wconf 80' lang='grc' dir='ltr'><em>ί</em></span> <span class='ocrx_word' id='word_1_152' title='bbox 942 2330 989 2391; x_wconf 78' lang='grc' dir='ltr'><em>ἐπὶ</em></span> <span class='ocrx_word' id='word_1_153' title='bbox 1014 2329 1099 2390; x_wconf 81' lang='grc' dir='ltr'><em>τέλει.</em></span> <span class='ocrx_word' id='word_1_154' title='bbox 1143 2325 1213 2388; x_wconf 90' lang='grc' dir='ltr'><em>Λέ-</em></span> 
     </span>
    </p>
   </div>
   <div class='ocr_carea' id='block_1_7' title="bbox 25 2431 1213 2516">
    <p class='ocr_par' dir='ltr' id='par_1_8' title="bbox 25 2431 1213 2516">
     <span class='ocr_line' id='line_1_20' title="bbox 25 2431 1213 2516; baseline -0.019 -1"><span class='ocrx_word' id='word_1_155' title='bbox 25 2487 26 2504; x_wconf 61' lang='grc' dir='ltr'><em>ι</em></span> <span class='ocrx_word' id='word_1_156' title='bbox 133 2434 228 2515; x_wconf 66' lang='grc' dir='ltr'><em>Ζωθῖς</em></span> <span class='ocrx_word' id='word_1_157' title='bbox 275 2433 383 2496; x_wconf 64' lang='grc' dir='ltr'><em>ἄθλων</em></span> <span class='ocrx_word' id='word_1_158' title='bbox 418 2436 641 2516; x_wconf 82' lang='grc' dir='ltr'><em>ἀγωνιζομένων</em></span> <span class='ocrx_word' id='word_1_159' title='bbox 674 2442 676 2516; x_wconf 68' lang='lat' dir='ltr'>J</span> <span class='ocrx_word' id='word_1_160' title='bbox 709 2456 791 2515; x_wconf 87' lang='grc' dir='ltr'><em>γεται</em></span> <span class='ocrx_word' id='word_1_161' title='bbox 814 2435 871 2516; x_wconf 84' lang='grc' dir='ltr'><em>γὰρ</em></span> <span class='ocrx_word' id='word_1_162' title='bbox 901 2434 946 2494; x_wconf 84' lang='grc' dir='ltr'><em>ὅτι</em></span> <span class='ocrx_word' id='word_1_163' title='bbox 969 2433 1004 2494; x_wconf 83' lang='grc' dir='ltr'><em>τὸ</em></span> <span class='ocrx_word' id='word_1_164' title='bbox 1023 2431 1079 2510; x_wconf 80' lang='grc' dir='ltr'><em>μέν</em></span> <span class='ocrx_word' id='word_1_165' title='bbox 1101 2433 1131 2505; x_wconf 70' lang='grc' dir='ltr'><em>ἐξ</em></span> <span class='ocrx_word' id='word_1_166' title='bbox 1157 2435 1213 2514; x_wconf 89' lang='grc' dir='ltr'><em>ἀρ-</em></span> 
     </span>
    </p>
   </div>
   <div class='ocr_carea' id='block_1_8' title="bbox 133 2517 1213 4204">
    <p class='ocr_par' dir='ltr' id='par_1_9' title="bbox 133 2517 1213 4204">
     <span class='ocr_line' id='line_1_21' title="bbox 136 2517 1213 2622; baseline 0 -23"><span class='ocrx_word' id='word_1_167' title='bbox 136 2538 313 2620; x_wconf 88' lang='grc' dir='ltr'><em>ἀνθρώπων</em></span> <span class='ocrx_word' id='word_1_168' title='bbox 335 2541 378 2622; x_wconf 78' lang='grc' dir='ltr'><em>τῷ</em></span> <span class='ocrx_word' id='word_1_169' title='bbox 403 2540 556 2618; x_wconf 84' lang='grc' dir='ltr'><em>νικήσαντι</em></span> <span class='ocrx_word' id='word_1_170' title='bbox 584 2562 640 2599; x_wconf 85' lang='grc' dir='ltr'><em>κα·</em></span> <span class='ocrx_word' id='word_1_171' title='bbox 673 2517 675 2544; x_wconf 61' lang='lat'><strong><em>⁴</em></strong></span> <span class='ocrx_word' id='word_1_172' title='bbox 705 2547 764 2618; x_wconf 77' lang='grc' dir='ltr'><em>χῆς</em></span> <span class='ocrx_word' id='word_1_173' title='bbox 795 2533 880 2600; x_wconf 79' lang='grc' dir='ltr'><em>ἆθλα</em></span> <span class='ocrx_word' id='word_1_174' title='bbox 914 2539 1119 2620; x_wconf 88' lang='grc' dir='ltr'><em>προύτίθεσαν</em></span> <span class='ocrx_word' id='word_1_175' title='bbox 1151 2545 1213 2611; x_wconf 77' lang='grc' dir='ltr'><em>τοῖς</em></span> 
     </span>
     <span class='ocr_line' id='line_1_22' title="bbox 136 2641 1212 2727; baseline 0.001 -23"><span class='ocrx_word' id='word_1_176' title='bbox 136 2643 241 2726; x_wconf 84' lang='grc' dir='ltr'><em>θάπερ</em></span> <span class='ocrx_word' id='word_1_177' title='bbox 264 2641 369 2726; x_wconf 77' lang='grc' dir='ltr'><em>έρανον</em></span> <span class='ocrx_word' id='word_1_178' title='bbox 387 2643 573 2727; x_wconf 67' lang='grc' dir='ltr'><em>εἰσφέροντες</em></span> <span class='ocrx_word' id='word_1_179' title='bbox 589 2642 639 2727; x_wconf 82' lang='grc' dir='ltr'><em>έρ·</em></span> <span class='ocrx_word' id='word_1_180' title='bbox 707 2643 942 2726; x_wconf 78' lang='grc' dir='ltr'><em>ἀγωνιζομένοις,</em></span> <span class='ocrx_word' id='word_1_181' title='bbox 973 2645 1007 2704; x_wconf 82' lang='grc' dir='ltr'><em>ὃν</em></span> <span class='ocrx_word' id='word_1_182' title='bbox 1027 2643 1139 2726; x_wconf 85' lang='grc' dir='ltr'><em>τρόπον</em></span> <span class='ocrx_word' id='word_1_183' title='bbox 1161 2644 1212 2706; x_wconf 82' lang='grc' dir='ltr'><em>καί</em></span> 
     </span>
     <span class='ocr_line' id='line_1_23' title="bbox 135 2742 1211 2831; baseline 0.001 -22"><span class='ocrx_word' id='word_1_184' title='bbox 135 2771 244 2830; x_wconf 89' lang='grc' dir='ltr'><em>ριπτον</em></span> <span class='ocrx_word' id='word_1_185' title='bbox 288 2758 349 2810; x_wconf 89' lang='grc' dir='ltr'><em>τῶν</em></span> <span class='ocrx_word' id='word_1_186' title='bbox 392 2752 516 2810; x_wconf 86' lang='grc' dir='ltr'><em>θεατῶν</em></span> <span class='ocrx_word' id='word_1_187' title='bbox 559 2750 640 2822; x_wconf 81' lang='grc' dir='ltr'><em>ὅπως</em></span> <span class='ocrx_word' id='word_1_188' title='bbox 705 2742 838 2831; x_wconf 84' lang='grc' dir='ltr'><em>Ὅμηρος</em></span> <span class='ocrx_word' id='word_1_189' title='bbox 881 2750 930 2810; x_wconf 80' lang='grc' dir='ltr'><em>καί</em></span> <span class='ocrx_word' id='word_1_190' title='bbox 968 2751 1051 2811; x_wconf 74' lang='grc' dir='ltr'><em>ἄλλοι</em></span> <span class='ocrx_word' id='word_1_191' title='bbox 1090 2750 1211 2829; x_wconf 80' lang='grc' dir='ltr'><em>ποιηταί</em></span> 
     </span>
     <span class='ocr_line' id='line_1_24' title="bbox 135 2851 1212 2936; baseline 0.005 -23"><span class='ocrx_word' id='word_1_192' title='bbox 135 2851 261 2927; x_wconf 77' lang='grc' dir='ltr'><em>ίκαστος</em></span> <span class='ocrx_word' id='word_1_193' title='bbox 303 2853 438 2936; x_wconf 78' lang='grc' dir='ltr'><em>ηὐπόρει.</em></span> <span class='ocrx_word' id='word_1_194' title='bbox 487 2855 559 2935; x_wconf 84' lang='grc' dir='ltr'><em>[Διὸ</em></span> <span class='ocrx_word' id='word_1_195' title='bbox 602 2856 638 2935; x_wconf 82' lang='grc' dir='ltr'><em>δὴ</em></span> <span class='ocrx_word' id='word_1_196' title='bbox 708 2851 885 2934; x_wconf 79' lang='grc' dir='ltr'><em>ίστορούσιν.</em></span> <span class='ocrx_word' id='word_1_197' title='bbox 926 2851 1007 2916; x_wconf 78' lang='grc' dir='ltr'><em>Ἐπεί</em></span> <span class='ocrx_word' id='word_1_198' title='bbox 1031 2854 1064 2916; x_wconf 84' lang='grc' dir='ltr'><em>δέ</em></span> <span class='ocrx_word' id='word_1_199' title='bbox 1084 2855 1212 2936; x_wconf 76' lang='grc' dir='ltr'><em>ἤρξαντο</em></span> 
     </span>
     <span class='ocr_line' id='line_1_25' title="bbox 134 2958 1210 3044; baseline 0 -22"><span class='ocrx_word' id='word_1_200' title='bbox 134 2961 269 3041; x_wconf 82' lang='grc' dir='ltr'><em>σύνηθες</em></span> <span class='ocrx_word' id='word_1_201' title='bbox 290 2958 400 3043; x_wconf 68' lang='grc' dir='ltr'><em>ι’»γίνετο</em></span> <span class='ocrx_word' id='word_1_202' title='bbox 427 2962 526 3044; x_wconf 78' lang='grc' dir='ltr'><em>κύκλῳ</em></span> <span class='ocrx_word' id='word_1_203' title='bbox 554 2983 639 3042; x_wconf 79' lang='grc' dir='ltr'><em>περι·</em></span> <span class='ocrx_word' id='word_1_204' title='bbox 704 2960 799 3041; x_wconf 83' lang='grc' dir='ltr'><em>χωρίς</em></span> <span class='ocrx_word' id='word_1_205' title='bbox 849 2962 956 3022; x_wconf 76' lang='grc' dir='ltr'><em>ἄθλων</em></span> <span class='ocrx_word' id='word_1_206' title='bbox 999 2962 1210 3043; x_wconf 81' lang='grc' dir='ltr'><em>ἀγωνίζεσθαι,</em></span> 
     </span>
     <span class='ocr_line' id='line_1_26' title="bbox 134 3057 1211 3156; baseline 0.001 -31"><span class='ocrx_word' id='word_1_207' title='bbox 134 3067 334 3149; x_wconf 89' lang='grc' dir='ltr'><em>πορευόμενον</em></span> <span class='ocrx_word' id='word_1_208' title='bbox 377 3066 541 3149; x_wconf 76' lang='grc' dir='ltr'><em>ἐπαγείρειν</em></span> <span class='ocrx_word' id='word_1_209' title='bbox 587 3067 637 3127; x_wconf 78' lang='grc' dir='ltr'><em>καί</em></span> <span class='ocrx_word' id='word_1_210' title='bbox 671 3057 673 3156; x_wconf 61' lang='lat'><em>2</em></span> <span class='ocrx_word' id='word_1_211' title='bbox 707 3069 777 3138; x_wconf 80' lang='grc' dir='ltr'><em>τοὺς</em></span> <span class='ocrx_word' id='word_1_212' title='bbox 807 3067 985 3147; x_wconf 76' lang='grc' dir='ltr'><em>νικήσαντας</em></span> <span class='ocrx_word' id='word_1_213' title='bbox 1006 3064 1033 3128; x_wconf 78' lang='grc' dir='ltr'><em>οἱ</em></span> <span class='ocrx_word' id='word_1_214' title='bbox 1054 3065 1110 3146; x_wconf 83' lang='grc' dir='ltr'><em>μέν</em></span> <span class='ocrx_word' id='word_1_215' title='bbox 1132 3065 1211 3127; x_wconf 79' lang='grc' dir='ltr'><em>κατὰ</em></span> 
     </span>
     <span class='ocr_line' id='line_1_27' title="bbox 133 3170 1210 3256; baseline -0.001 -24"><span class='ocrx_word' id='word_1_216' title='bbox 133 3171 301 3252; x_wconf 72' lang='grc' dir='ltr'><em>λαμβάνειν</em></span> <span class='ocrx_word' id='word_1_217' title='bbox 314 3172 350 3230; x_wconf 86' lang='grc' dir='ltr'><em>τὸ</em></span> <span class='ocrx_word' id='word_1_218' title='bbox 364 3170 520 3250; x_wconf 85' lang='grc' dir='ltr'><em>διδόμενον</em></span> <span class='ocrx_word' id='word_1_219' title='bbox 530 3171 639 3256; x_wconf 67' lang='grc' dir='ltr'><em>δελετο]</em></span> <span class='ocrx_word' id='word_1_220' title='bbox 707 3172 810 3253; x_wconf 79' lang='grc' dir='ltr'><em>φιλίαν</em></span> <span class='ocrx_word' id='word_1_221' title='bbox 827 3170 845 3252; x_wconf 82' lang='grc' dir='ltr'>ἢ</span> <span class='ocrx_word' id='word_1_222' title='bbox 859 3171 1029 3255; x_wconf 86' lang='grc' dir='ltr'><em>συγγένειαν</em></span> <span class='ocrx_word' id='word_1_223' title='bbox 1043 3173 1210 3254; x_wconf 81' lang='grc' dir='ltr'><em>προσήκον-</em></span> 
     </span>
     <span class='ocr_line' id='line_1_28' title="bbox 138 3271 1211 3361; baseline -0.002 -23"><span class='ocrx_word' id='word_1_224' title='bbox 138 3275 178 3338; x_wconf 75' lang='grc' dir='ltr'><em>Οἷ</em></span> <span class='ocrx_word' id='word_1_225' title='bbox 198 3276 255 3358; x_wconf 79' lang='grc' dir='ltr'><em>μέν</em></span> <span class='ocrx_word' id='word_1_226' title='bbox 270 3271 322 3337; x_wconf 79' lang='grc' dir='ltr'><em>οὖν</em></span> <span class='ocrx_word' id='word_1_227' title='bbox 336 3277 546 3360; x_wconf 76' lang='grc' dir='ltr'><em>εὐπορούμενοι</em></span> <span class='ocrx_word' id='word_1_228' title='bbox 569 3276 636 3361; x_wconf 81' lang='grc' dir='ltr'><em>(έμ-</em></span> <span class='ocrx_word' id='word_1_229' title='bbox 706 3299 756 3348; x_wconf 91' lang='grc' dir='ltr'><em>τες</em></span> <span class='ocrx_word' id='word_1_230' title='bbox 780 3277 939 3359; x_wconf 80' lang='grc' dir='ltr'><em>στεφάνως</em></span> <span class='ocrx_word' id='word_1_231' title='bbox 960 3277 1093 3340; x_wconf 80' lang='grc' dir='ltr'><em>ἀνέδουν.</em></span> <span class='ocrx_word' id='word_1_232' title='bbox 1140 3280 1211 3338; x_wconf 90' lang='grc' dir='ltr'><em>Τῶν</em></span> 
     </span>
     <span class='ocr_line' id='line_1_29' title="bbox 133 3379 1210 3467; baseline 0.002 -25"><span class='ocrx_word' id='word_1_233' title='bbox 133 3381 327 3466; x_wconf 84' lang='grc' dir='ltr'><em>πορευόμενοι</em></span> <span class='ocrx_word' id='word_1_234' title='bbox 374 3381 453 3464; x_wconf 85' lang='lat' dir='ltr'><strong>cod.)</strong></span> <span class='ocrx_word' id='word_1_235' title='bbox 505 3382 637 3467; x_wconf 76' lang='grc' dir='ltr'><em>διάφορα</em></span> <span class='ocrx_word' id='word_1_236' title='bbox 707 3379 741 3442; x_wconf 79' lang='grc' dir='ltr'><em>δ’</em></span> <span class='ocrx_word' id='word_1_237' title='bbox 764 3383 863 3443; x_wconf 79' lang='grc' dir='ltr'><em>ἄλλων</em></span> <span class='ocrx_word' id='word_1_238' title='bbox 884 3381 911 3443; x_wconf 80' lang='grc' dir='ltr'><em>οἷ</em></span> <span class='ocrx_word' id='word_1_239' title='bbox 922 3381 978 3462; x_wconf 84' lang='grc' dir='ltr'><em>μέν</em></span> <span class='ocrx_word' id='word_1_240' title='bbox 992 3385 1133 3465; x_wconf 83' lang='grc' dir='ltr'><em>σύνεγγυς</em></span> <span class='ocrx_word' id='word_1_241' title='bbox 1155 3406 1210 3444; x_wconf 85' lang='grc' dir='ltr'><em>κα·</em></span> 
     </span>
     <span class='ocr_line' id='line_1_30' title="bbox 134 3486 1211 3572; baseline 0.001 -23"><span class='ocrx_word' id='word_1_242' title='bbox 134 3487 232 3571; x_wconf 85' lang='grc' dir='ltr'><em>δῶρα,</em></span> <span class='ocrx_word' id='word_1_243' title='bbox 262 3497 324 3550; x_wconf 87' lang='grc' dir='ltr'><em>τῶν</em></span> <span class='ocrx_word' id='word_1_244' title='bbox 345 3486 378 3550; x_wconf 80' lang='grc' dir='ltr'><em>δέ</em></span> <span class='ocrx_word' id='word_1_245' title='bbox 399 3491 511 3550; x_wconf 84' lang='grc' dir='ltr'><em>λοιπῶν</em></span> <span class='ocrx_word' id='word_1_246' title='bbox 533 3486 561 3550; x_wconf 73' lang='grc' dir='ltr'><em>οἱ</em></span> <span class='ocrx_word' id='word_1_247' title='bbox 581 3487 637 3568; x_wconf 77' lang='grc' dir='ltr'><em>μέν</em></span> <span class='ocrx_word' id='word_1_248' title='bbox 706 3489 835 3567; x_wconf 85' lang='grc' dir='ltr'><em>θήμενοι</em></span> <span class='ocrx_word' id='word_1_249' title='bbox 855 3489 904 3550; x_wconf 75' lang='grc' dir='ltr'><em>καὶ</em></span> <span class='ocrx_word' id='word_1_250' title='bbox 926 3487 1211 3572; x_wconf 85' lang='grc' dir='ltr'><em>περι(ου)σιάζοντες</em></span> 
     </span>
     <span class='ocr_line' id='line_1_31' title="bbox 133 3591 1209 3676; baseline 0.001 -23"><span class='ocrx_word' id='word_1_251' title='bbox 133 3592 218 3675; x_wconf 82' lang='grc' dir='ltr'><em>ε’γγύς</em></span> <span class='ocrx_word' id='word_1_252' title='bbox 259 3594 428 3673; x_wconf 84' lang='grc' dir='ltr'><em>καθήμενοι</em></span> <span class='ocrx_word' id='word_1_253' title='bbox 470 3592 637 3676; x_wconf 81' lang='grc' dir='ltr'><em>στεφάνους</em></span> <span class='ocrx_word' id='word_1_254' title='bbox 705 3594 826 3666; x_wconf 88' lang='grc' dir='ltr'><em>πλέονος</em></span> <span class='ocrx_word' id='word_1_255' title='bbox 846 3594 914 3666; x_wconf 82' lang='grc' dir='ltr'><em>ἀξια</em></span> <span class='ocrx_word' id='word_1_256' title='bbox 936 3595 1125 3657; x_wconf 73' lang='grc' dir='ltr'><em>ἐπετίθεσαν.</em></span> <span class='ocrx_word' id='word_1_257' title='bbox 1171 3591 1209 3655; x_wconf 79' lang='grc' dir='ltr'><em>Οί</em></span> 
     </span>
     <span class='ocr_line' id='line_1_32' title="bbox 133 3694 1209 3783; baseline 0.001 -25"><span class='ocrx_word' id='word_1_258' title='bbox 133 3694 322 3774; x_wconf 72' lang='grc' dir='ltr'><em>ἐπετίθεσαν,</em></span> <span class='ocrx_word' id='word_1_259' title='bbox 360 3697 386 3759; x_wconf 70' lang='grc' dir='ltr'><em>οἱ</em></span> <span class='ocrx_word' id='word_1_260' title='bbox 424 3696 456 3760; x_wconf 87' lang='grc' dir='ltr'><em>δέ</em></span> <span class='ocrx_word' id='word_1_261' title='bbox 496 3697 637 3780; x_wconf 77' lang='grc' dir='ltr'><em>ἀνωτέρω</em></span> <span class='ocrx_word' id='word_1_262' title='bbox 705 3698 738 3760; x_wconf 85' lang='grc' dir='ltr'><em>δέ</em></span> <span class='ocrx_word' id='word_1_263' title='bbox 781 3699 970 3783; x_wconf 88' lang='grc' dir='ltr'><em>πορρώτερον</em></span> <span class='ocrx_word' id='word_1_264' title='bbox 1013 3701 1121 3761; x_wconf 76' lang='grc' dir='ltr'><em>ἄνθεσι</em></span> <span class='ocrx_word' id='word_1_265' title='bbox 1159 3700 1209 3760; x_wconf 79' lang='grc' dir='ltr'><em>καί</em></span> 
     </span>
     <span class='ocr_line' id='line_1_33' title="bbox 133 3799 1208 3888; baseline 0.004 -26"><span class='ocrx_word' id='word_1_266' title='bbox 133 3805 249 3865; x_wconf 90' lang='grc' dir='ltr'><em>τούτων</em></span> <span class='ocrx_word' id='word_1_267' title='bbox 271 3809 373 3887; x_wconf 80' lang='grc' dir='ltr'><em>(τοῦτο</em></span> <span class='ocrx_word' id='word_1_268' title='bbox 395 3804 484 3887; x_wconf 67' lang='grc' dir='ltr'><em>εστὶ),</em></span> <span class='ocrx_word' id='word_1_269' title='bbox 507 3805 580 3888; x_wconf 80' lang='grc' dir='ltr'><em>ὅπερ</em></span> <span class='ocrx_word' id='word_1_270' title='bbox 600 3799 638 3886; x_wconf 81' lang='grc' dir='ltr'><em>ἦν</em></span> <span class='ocrx_word' id='word_1_271' title='bbox 705 3805 828 3888; x_wconf 87' lang='grc' dir='ltr'><em>φύλλοις</em></span> <span class='ocrx_word' id='word_1_272' title='bbox 861 3803 987 3882; x_wconf 67' lang='grc' dir='ltr'><em>ἔβαλλον</em></span> <span class='ocrx_word' id='word_1_273' title='bbox 1016 3803 1208 3888; x_wconf 87' lang='grc' dir='ltr'><em>περιερχομέ-</em></span> 
     </span>
     <span class='ocr_line' id='line_1_34' title="bbox 133 3906 1208 3988; baseline 0.004 -21"><span class='ocrx_word' id='word_1_274' title='bbox 133 3909 245 3986; x_wconf 85' lang='grc' dir='ltr'><em>λοιπύν,</em></span> <span class='ocrx_word' id='word_1_275' title='bbox 277 3906 403 3988; x_wconf 78' lang='grc' dir='ltr'><em>έβαλλον</em></span> <span class='ocrx_word' id='word_1_276' title='bbox 435 3919 499 3982; x_wconf 83' lang='grc' dir='ltr'><em>τοῖς</em></span> <span class='ocrx_word' id='word_1_277' title='bbox 527 3913 635 3973; x_wconf 77' lang='grc' dir='ltr'><em>ἄνθεσι</em></span> <span class='ocrx_word' id='word_1_278' title='bbox 705 3927 786 3984; x_wconf 89' lang='grc' dir='ltr'><em>νους·</em></span> <span class='ocrx_word' id='word_1_279' title='bbox 821 3911 862 3984; x_wconf 88' lang='grc' dir='ltr'><em>ὡς</em></span> <span class='ocrx_word' id='word_1_280' title='bbox 890 3913 940 3972; x_wconf 81' lang='grc' dir='ltr'><em>καὶ</em></span> <span class='ocrx_word' id='word_1_281' title='bbox 970 3921 1022 3972; x_wconf 79' lang='grc' dir='ltr'><em>νῦν</em></span> <span class='ocrx_word' id='word_1_282' title='bbox 1051 3918 1114 3982; x_wconf 88' lang='grc' dir='ltr'><em>τοῖς</em></span> <span class='ocrx_word' id='word_1_283' title='bbox 1143 3910 1208 3971; x_wconf 82' lang='grc' dir='ltr'><em>έπι-</em></span> 
     </span>
     <span class='ocr_line' id='line_1_35' title="bbox 133 4013 1208 4099; baseline 0.003 -25"><span class='ocrx_word' id='word_1_284' title='bbox 133 4015 183 4074; x_wconf 78' lang='grc' dir='ltr'><em>καὶ</em></span> <span class='ocrx_word' id='word_1_285' title='bbox 201 4016 332 4098; x_wconf 89' lang='grc' dir='ltr'><em>φύλλοις.</em></span> <span class='ocrx_word' id='word_1_286' title='bbox 363 4014 428 4075; x_wconf 75' lang='grc' dir='ltr'><em>Καὶ</em></span> <span class='ocrx_word' id='word_1_287' title='bbox 446 4025 498 4076; x_wconf 82' lang='grc' dir='ltr'><em>νῦν</em></span> <span class='ocrx_word' id='word_1_288' title='bbox 512 4016 568 4095; x_wconf 80' lang='grc' dir='ltr'><em>μέν</em></span> <span class='ocrx_word' id='word_1_289' title='bbox 589 4015 634 4078; x_wconf 75' lang='grc' dir='ltr'><em>ἐπὶ</em></span> <span class='ocrx_word' id='word_1_290' title='bbox 705 4025 808 4099; x_wconf 88' lang='grc' dir='ltr'><em>φανῶς</em></span> <span class='ocrx_word' id='word_1_291' title='bbox 829 4016 1062 4098; x_wconf 84' lang='grc' dir='ltr'><em>ἀγωνισαμένοις</em></span> <span class='ocrx_word' id='word_1_292' title='bbox 1082 4013 1208 4095; x_wconf 70' lang='grc' dir='ltr'><em>ἐπιβάλ-</em></span> 
     </span>
     <span class='ocr_line' id='line_1_36' title="bbox 133 4119 1207 4204; baseline 0.006 -26"><span class='ocrx_word' id='word_1_293' title='bbox 133 4127 196 4191; x_wconf 86' lang='grc' dir='ltr'><em>τοῖς</em></span> <span class='ocrx_word' id='word_1_294' title='bbox 233 4119 384 4204; x_wconf 68' lang='grc' dir='ltr'><em>ἐπιφανῶς</em></span> <span class='ocrx_word' id='word_1_295' title='bbox 412 4121 637 4202; x_wconf 85' lang='grc' dir='ltr'><em>ἀγωνιζομένοις</em></span> <span class='ocrx_word' id='word_1_296' title='bbox 705 4127 787 4184; x_wconf 80' lang='grc' dir='ltr'><em>λοισι</em></span> <span class='ocrx_word' id='word_1_297' title='bbox 810 4121 956 4194; x_wconf 83' lang='grc' dir='ltr'><em>πετάσους</em></span> <span class='ocrx_word' id='word_1_298' title='bbox 978 4123 1027 4184; x_wconf 80' lang='grc' dir='ltr'><em>καί</em></span> <span class='ocrx_word' id='word_1_299' title='bbox 1051 4121 1159 4198; x_wconf 87' lang='grc' dir='ltr'><em>ζώνας,</em></span> <span class='ocrx_word' id='word_1_300' title='bbox 1180 4119 1207 4184; x_wconf 72' lang='grc' dir='ltr'><em>οἱ</em></span> 
     </span>
    </p>
   </div>
   <div class='ocr_carea' id='block_1_9' title="bbox 0 0 1496 4740">
    <p class='ocr_par' dir='ltr' id='par_1_10' title="bbox 0 0 1496 4740">
     <span class='ocr_line' id='line_1_37' title="bbox 0 0 1496 4740; baseline 0 3"><span class='ocrx_word' id='word_1_301' title='bbox 0 0 1496 4740; x_wconf 95' lang='lat' dir='ltr'><em> </em></span> 
     </span>
    </p>
   </div>
  </div>
 </body>
</html>
