<?xml version="1.0" encoding="UTF-8"?>
<!DOCTYPE html PUBLIC "-//W3C//DTD XHTML 1.0 Transitional//EN"
    "http://www.w3.org/TR/xhtml1/DTD/xhtml1-transitional.dtd">
<html xmlns="http://www.w3.org/1999/xhtml" xml:lang="en" lang="en">
 <head>
  <title>
</title>
<meta http-equiv="Content-Type" content="text/html;charset=utf-8" />
  <meta name='ocr-system' content='tesseract 3.04.00' />
  <meta name='ocr-capabilities' content='ocr_page ocr_carea ocr_par ocr_line ocrx_word'/>
</head>
<body>
  <div class='ocr_page' id='page_1' title='image "./delycophroneeup01stregoog_0079.png"; bbox 0 0 2984 4740; ppageno 0'>
   <div class='ocr_carea' id='block_1_1' title="bbox 695 245 1026 310">
    <p class='ocr_par' dir='ltr' id='par_1_1' title="bbox 695 245 1026 310">
     <span class='ocr_line' id='line_1_1' title="bbox 695 245 1026 310; baseline -0.027 1"><span class='ocrx_word' id='word_1_1' title='bbox 695 245 1026 310; x_wconf 84' lang='lat'>-72-.</span> 
     </span>
    </p>
   </div>
   <div class='ocr_carea' id='block_1_2' title="bbox 271 369 1341 610">
    <p class='ocr_par' dir='ltr' id='par_1_2' title="bbox 271 369 1341 610">
     <span class='ocr_line' id='line_1_2' title="bbox 272 369 1341 497; baseline 0.001 -22"><span class='ocrx_word' id='word_1_2' title='bbox 272 379 288 439; x_wconf 86' lang='grc'>·’</span> <span class='ocrx_word' id='word_1_3' title='bbox 354 418 429 477; x_wconf 83' lang='lat'><strong><em>130.</em></strong></span> <span class='ocrx_word' id='word_1_4' title='bbox 452 369 528 478; x_wconf 58' lang='grc' dir='ltr'>*σε</span> <span class='ocrx_word' id='word_1_5' title='bbox 571 413 668 476; x_wconf 66' lang='lat' dir='ltr'><strong>schol.</strong></span> <span class='ocrx_word' id='word_1_6' title='bbox 683 415 762 475; x_wconf 72' lang='grc' dir='ltr'>σοι</span> <span class='ocrx_word' id='word_1_7' title='bbox 780 423 851 482; x_wconf 81' lang='lat'>545.</span> <span class='ocrx_word' id='word_1_8' title='bbox 873 451 917 462; x_wconf 92' lang='lat'><em>-</em></span> <span class='ocrx_word' id='word_1_9' title='bbox 942 416 986 476; x_wconf 83' lang='grc' dir='ltr'>σι</span> <span class='ocrx_word' id='word_1_10' title='bbox 1006 415 1039 478; x_wconf 83' lang='grc' dir='ltr'>ιι</span> <span class='ocrx_word' id='word_1_11' title='bbox 1061 417 1239 497; x_wconf 59' lang='lat' dir='ltr'>mam„</span> <span class='ocrx_word' id='word_1_12' title='bbox 1260 417 1341 478; x_wconf 65' lang='grc' dir='ltr'>σου</span> 
     </span>
     <span class='ocr_line' id='line_1_3' title="bbox 271 519 1300 610; baseline 0.007 -30"><span class='ocrx_word' id='word_1_13' title='bbox 271 520 433 610; x_wconf 74' lang='grc' dir='ltr'><strong><em>ἀρσενικῶς</em></strong></span> <span class='ocrx_word' id='word_1_14' title='bbox 454 519 606 601; x_wconf 79' lang='grc' dir='ltr'>εἰρῆσθαι,</span> <span class='ocrx_word' id='word_1_15' title='bbox 630 520 671 593; x_wconf 85' lang='grc' dir='ltr'>ὡς</span> <span class='ocrx_word' id='word_1_16' title='bbox 692 519 782 599; x_wconf 79' lang='grc' dir='ltr'>δηλοῖ</span> <span class='ocrx_word' id='word_1_17' title='bbox 798 520 834 581; x_wconf 83' lang='grc' dir='ltr'>τὸ</span> <span class='ocrx_word' id='word_1_18' title='bbox 856 519 1044 602; x_wconf 82' lang='grc' dir='ltr'><strong><em>κατεαγότος.</em></strong></span> <span class='ocrx_word' id='word_1_19' title='bbox 1086 521 1130 582; x_wconf 80' lang='lat' dir='ltr'>cf.</span> <span class='ocrx_word' id='word_1_20' title='bbox 1153 525 1225 602; x_wconf 78' lang='lat' dir='ltr'><strong>frag.</strong></span> <span class='ocrx_word' id='word_1_21' title='bbox 1249 529 1300 588; x_wconf 77' lang='lat'>82.</span> 
     </span>
    </p>
   </div>
   <div class='ocr_carea' id='block_1_3' title="bbox 271 726 1346 1130">
    <p class='ocr_par' dir='ltr' id='par_1_3' title="bbox 271 726 1346 1130">
     <span class='ocr_line' id='line_1_4' title="bbox 355 726 1343 813; baseline 0.001 -21"><span class='ocrx_word' id='word_1_22' title='bbox 355 735 431 792; x_wconf 84' lang='lat'><strong><em>131.</em></strong></span> <span class='ocrx_word' id='word_1_23' title='bbox 453 730 533 794; x_wconf 79' lang='grc' dir='ltr'>*Εια</span> <span class='ocrx_word' id='word_1_24' title='bbox 577 731 864 813; x_wconf 77' lang='lat' dir='ltr'><strong>Schol.Vesp.213.</strong></span> <span class='ocrx_word' id='word_1_25' title='bbox 904 726 996 794; x_wconf 83' lang='grc' dir='ltr'>Ὅσον</span> <span class='ocrx_word' id='word_1_26' title='bbox 1017 731 1164 812; x_wconf 90' lang='grc' dir='ltr'>στίλην.</span> <span class='ocrx_word' id='word_1_27' title='bbox 1198 726 1267 794; x_wconf 81' lang='grc' dir='ltr'>Ὅτι</span> <span class='ocrx_word' id='word_1_28' title='bbox 1289 752 1343 811; x_wconf 86' lang='grc' dir='ltr'>ση-</span> 
     </span>
     <span class='ocr_line' id='line_1_5' title="bbox 271 833 1344 918; baseline 0.004 -22"><span class='ocrx_word' id='word_1_29' title='bbox 271 835 371 914; x_wconf 85' lang='grc' dir='ltr'><strong><em>μαίνει</em></strong></span> <span class='ocrx_word' id='word_1_30' title='bbox 386 835 422 896; x_wconf 86' lang='grc' dir='ltr'>τδ</span> <span class='ocrx_word' id='word_1_31' title='bbox 435 833 601 914; x_wconf 80' lang='grc' dir='ltr'>ίλάχιστον.</span> <span class='ocrx_word' id='word_1_32' title='bbox 630 837 861 917; x_wconf 85' lang='grc' dir='ltr'>Καλλίστρατος</span> <span class='ocrx_word' id='word_1_33' title='bbox 876 835 910 899; x_wconf 78' lang='grc' dir='ltr'>δὲ</span> <span class='ocrx_word' id='word_1_34' title='bbox 924 837 1123 917; x_wconf 87' lang='grc' dir='ltr'>νομισμάτιόν</span> <span class='ocrx_word' id='word_1_35' title='bbox 1136 861 1165 898; x_wconf 88' lang='grc' dir='ltr'>τι</span> <span class='ocrx_word' id='word_1_36' title='bbox 1178 838 1344 918; x_wconf 73' lang='grc' dir='ltr'>ἐλάχιστον.</span> 
     </span>
     <span class='ocr_line' id='line_1_6' title="bbox 355 940 1343 1026; baseline 0.002 -26"><span class='ocrx_word' id='word_1_37' title='bbox 355 942 441 1002; x_wconf 86' lang='lat' dir='ltr'><strong>Phot.</strong></span> <span class='ocrx_word' id='word_1_38' title='bbox 453 941 573 1022; x_wconf 77' lang='grc' dir='ltr'>Στιλην.</span> <span class='ocrx_word' id='word_1_39' title='bbox 600 941 644 1002; x_wconf 80' lang='grc' dir='ltr'>Τὸ</span> <span class='ocrx_word' id='word_1_40' title='bbox 659 940 824 1022; x_wconf 72' lang='grc' dir='ltr'>ἐλάχιστον.</span> <span class='ocrx_word' id='word_1_41' title='bbox 859 941 1079 1026; x_wconf 78' lang='grc' dir='ltr'><em>Ἀριστοφάνης</em></span> <span class='ocrx_word' id='word_1_42' title='bbox 1093 943 1216 1026; x_wconf 75' lang='grc' dir='ltr'>Σφηξίν.</span> <span class='ocrx_word' id='word_1_43' title='bbox 1241 967 1272 1011; x_wconf 90' lang='grc' dir='ltr'>κ.</span> <span class='ocrx_word' id='word_1_44' title='bbox 1280 966 1310 1008; x_wconf 88' lang='grc' dir='ltr'>τ.</span> <span class='ocrx_word' id='word_1_45' title='bbox 1318 947 1343 1003; x_wconf 89' lang='grc' dir='ltr'>λ.</span> 
     </span>
     <span class='ocr_line' id='line_1_7' title="bbox 272 1046 1346 1130; baseline 0.002 -24"><span class='ocrx_word' id='word_1_46' title='bbox 272 1048 342 1106; x_wconf 77' lang='lat' dir='ltr'><strong>Hes.</strong></span> <span class='ocrx_word' id='word_1_47' title='bbox 366 1067 388 1109; x_wconf 86' lang='grc' dir='ltr'>ε.</span> <span class='ocrx_word' id='word_1_48' title='bbox 402 1068 430 1112; x_wconf 88' lang='lat' dir='ltr'>v.</span> <span class='ocrx_word' id='word_1_49' title='bbox 453 1046 558 1107; x_wconf 84' lang='grc' dir='ltr'>Στιλα.</span> <span class='ocrx_word' id='word_1_50' title='bbox 601 1046 695 1107; x_wconf 87' lang='lat' dir='ltr'>Simili</span> <span class='ocrx_word' id='word_1_51' title='bbox 721 1048 807 1109; x_wconf 88' lang='lat' dir='ltr'><strong>modo</strong></span> <span class='ocrx_word' id='word_1_52' title='bbox 831 1049 986 1130; x_wconf 79' lang='lat' dir='ltr'><strong>Lycophro</strong></span> <span class='ocrx_word' id='word_1_53' title='bbox 1007 1049 1046 1110; x_wconf 79' lang='lat' dir='ltr'>ab</span> <span class='ocrx_word' id='word_1_54' title='bbox 1068 1051 1262 1110; x_wconf 77' lang='lat' dir='ltr'><strong>Eratosthene</strong></span> <span class='ocrx_word' id='word_1_55' title='bbox 1285 1069 1346 1108; x_wconf 81' lang='lat' dir='ltr'>eor-</span> 
     </span>
    </p>
   </div>
   <div class='ocr_carea' id='block_1_4' title="bbox 270 1153 624 1230">
    <p class='ocr_par' dir='ltr' id='par_1_4' title="bbox 270 1153 624 1230">
     <span class='ocr_line' id='line_1_8' title="bbox 270 1153 624 1230; baseline 0.006 -17"><span class='ocrx_word' id='word_1_56' title='bbox 270 1154 373 1229; x_wconf 83' lang='lat' dir='ltr'>rigitur</span> <span class='ocrx_word' id='word_1_57' title='bbox 393 1153 465 1230; x_wconf 76' lang='lat' dir='ltr'>frag.</span> <span class='ocrx_word' id='word_1_58' title='bbox 493 1157 560 1216; x_wconf 85' lang='grc' dir='ltr'>ιοο.</span> <span class='ocrx_word' id='word_1_59' title='bbox 622 1218 624 1227; x_wconf 69' lang='grc'><strong><em>,</em></strong></span> 
     </span>
    </p>
   </div>
   <div class='ocr_carea' id='block_1_5' title="bbox 271 1362 1348 3131">
    <p class='ocr_par' dir='ltr' id='par_1_5' title="bbox 271 1362 1348 2287">
     <span class='ocr_line' id='line_1_9' title="bbox 354 1362 1348 1446; baseline -0.001 -23"><span class='ocrx_word' id='word_1_60' title='bbox 354 1366 437 1427; x_wconf 85' lang='lat'><strong><em>132.</em></strong></span> <span class='ocrx_word' id='word_1_61' title='bbox 462 1365 517 1427; x_wconf 77' lang='lat' dir='ltr'>Er,</span> <span class='ocrx_word' id='word_1_62' title='bbox 561 1365 648 1442; x_wconf 84' lang='lat' dir='ltr'>Diog.</span> <span class='ocrx_word' id='word_1_63' title='bbox 682 1366 780 1425; x_wconf 76' lang='lat' dir='ltr'><strong>Laert.</strong></span> <span class='ocrx_word' id='word_1_64' title='bbox 803 1365 866 1424; x_wconf 88' lang='lat' dir='ltr'>VH</span> <span class='ocrx_word' id='word_1_65' title='bbox 899 1374 927 1429; x_wconf 82' lang='lat'>5.</span> <span class='ocrx_word' id='word_1_66' title='bbox 973 1364 1107 1446; x_wconf 83' lang='grc' dir='ltr'>(Ζήνων)</span> <span class='ocrx_word' id='word_1_67' title='bbox 1137 1362 1348 1442; x_wconf 78' lang='grc' dir='ltr'>ἀνακάμπτων</span> 
     </span>
     <span class='ocr_line' id='line_1_10' title="bbox 271 1465 1347 1556; baseline 0.005 -30"><span class='ocrx_word' id='word_1_68' title='bbox 271 1465 309 1544; x_wconf 85' lang='grc' dir='ltr'>δὴ</span> <span class='ocrx_word' id='word_1_69' title='bbox 340 1465 371 1526; x_wconf 73' lang='grc' dir='ltr'>ἐν</span> <span class='ocrx_word' id='word_1_70' title='bbox 399 1473 438 1550; x_wconf 82' lang='grc' dir='ltr'>τῇ</span> <span class='ocrx_word' id='word_1_71' title='bbox 466 1466 598 1552; x_wconf 80' lang='grc' dir='ltr'><strong><em>Ποικίλῃ</em></strong></span> <span class='ocrx_word' id='word_1_72' title='bbox 626 1472 722 1556; x_wconf 77' lang='grc' dir='ltr'>στοᾷ</span> <span class='ocrx_word' id='word_1_73' title='bbox 751 1476 789 1552; x_wconf 81' lang='grc' dir='ltr'>τῇ</span> <span class='ocrx_word' id='word_1_74' title='bbox 819 1470 868 1530; x_wconf 80' lang='grc' dir='ltr'>καί</span> <span class='ocrx_word' id='word_1_75' title='bbox 898 1469 1140 1551; x_wconf 77' lang='grc' dir='ltr'>Πεισιανακτείῳ</span> <span class='ocrx_word' id='word_1_76' title='bbox 1167 1466 1347 1553; x_wconf 73' lang='grc' dir='ltr'>καλουμένῃ,</span> 
     </span>
     <span class='ocr_line' id='line_1_11' title="bbox 274 1563 1348 1658; baseline 0.002 -26"><span class='ocrx_word' id='word_1_77' title='bbox 274 1571 334 1632; x_wconf 69' lang='lat' dir='ltr'>aui</span> <span class='ocrx_word' id='word_1_78' title='bbox 355 1569 388 1631; x_wconf 71' lang='grc' dir='ltr'>δι’</span> <span class='ocrx_word' id='word_1_79' title='bbox 409 1578 464 1651; x_wconf 81' lang='grc' dir='ltr'>τῆς</span> <span class='ocrx_word' id='word_1_80' title='bbox 484 1581 603 1656; x_wconf 77' lang='grc' dir='ltr'>γραφῆς</span> <span class='ocrx_word' id='word_1_81' title='bbox 624 1583 678 1654; x_wconf 80' lang='grc' dir='ltr'>τῆς</span> <span class='ocrx_word' id='word_1_82' title='bbox 696 1573 900 1656; x_wconf 78' lang='grc' dir='ltr'>Πολυγνώτου</span> <span class='ocrx_word' id='word_1_83' title='bbox 915 1573 1047 1658; x_wconf 79' lang='grc' dir='ltr'>Ποικίλῃ</span> <span class='ocrx_word' id='word_1_84' title='bbox 1059 1611 1103 1620; x_wconf 96' lang='grc'>-</span> <span class='ocrx_word' id='word_1_85' title='bbox 1115 1563 1144 1638; x_wconf 70' lang='grc' dir='ltr'>ῚῘ</span> <span class='ocrx_word' id='word_1_86' title='bbox 1181 1575 1248 1635; x_wconf 76' lang='grc' dir='ltr'>Καὶ</span> <span class='ocrx_word' id='word_1_87' title='bbox 1272 1573 1348 1656; x_wconf 83' lang='grc' dir='ltr'>πρό-</span> 
     </span>
     <span class='ocr_line' id='line_1_12' title="bbox 271 1674 1346 1764; baseline 0.002 -28"><span class='ocrx_word' id='word_1_88' title='bbox 271 1674 359 1759; x_wconf 86' lang='grc' dir='ltr'>τερόν</span> <span class='ocrx_word' id='word_1_89' title='bbox 379 1699 410 1759; x_wconf 91' lang='grc' dir='ltr'>γε</span> <span class='ocrx_word' id='word_1_90' title='bbox 426 1677 455 1736; x_wconf 84' lang='grc' dir='ltr'><em>Σ</em></span> <span class='ocrx_word' id='word_1_91' title='bbox 459 1679 597 1739; x_wconf 80' lang='grc' dir='ltr'>τωικοὶ</span> <span class='ocrx_word' id='word_1_92' title='bbox 619 1678 779 1742; x_wconf 67' lang='grc' dir='ltr'>ἐκαλοῦντο</span> <span class='ocrx_word' id='word_1_93' title='bbox 800 1677 828 1741; x_wconf 80' lang='grc' dir='ltr'>οἶ</span> <span class='ocrx_word' id='word_1_94' title='bbox 849 1679 1055 1764; x_wconf 76' lang='grc' dir='ltr'>διατρίβοντες</span> <span class='ocrx_word' id='word_1_95' title='bbox 1076 1679 1107 1740; x_wconf 77' lang='grc' dir='ltr'>ἓν</span> <span class='ocrx_word' id='word_1_96' title='bbox 1120 1682 1199 1763; x_wconf 79' lang='grc' dir='ltr'>αὐτῇ</span> <span class='ocrx_word' id='word_1_97' title='bbox 1213 1679 1346 1763; x_wconf 83' lang='grc' dir='ltr'>ποιηταί,</span> 
     </span>
     <span class='ocr_line' id='line_1_13' title="bbox 273 1779 1348 1870; baseline 0.004 -28"><span class='ocrx_word' id='word_1_98' title='bbox 273 1782 360 1843; x_wconf 90' lang='grc' dir='ltr'>καθά</span> <span class='ocrx_word' id='word_1_99' title='bbox 389 1805 480 1865; x_wconf 80' lang='grc' dir='ltr'>φησιν</span> <span class='ocrx_word' id='word_1_100' title='bbox 502 1779 724 1866; x_wconf 75' lang='grc' dir='ltr'>Ἐρατοσθένης</span> <span class='ocrx_word' id='word_1_101' title='bbox 753 1785 785 1847; x_wconf 75' lang='grc' dir='ltr'>ἓν</span> <span class='ocrx_word' id='word_1_102' title='bbox 808 1784 899 1870; x_wconf 83' lang='grc' dir='ltr'>ὀγδόη</span> <span class='ocrx_word' id='word_1_103' title='bbox 921 1786 988 1868; x_wconf 80' lang='grc' dir='ltr'>περί</span> <span class='ocrx_word' id='word_1_104' title='bbox 1011 1794 1065 1864; x_wconf 83' lang='grc' dir='ltr'>τῆς</span> <span class='ocrx_word' id='word_1_105' title='bbox 1086 1785 1215 1868; x_wconf 81' lang='grc' dir='ltr'>ἀρχαίας</span> <span class='ocrx_word' id='word_1_106' title='bbox 1235 1807 1348 1867; x_wconf 85' lang='grc' dir='ltr'>κωμῳ-</span> 
     </span>
     <span class='ocr_line' id='line_1_14' title="bbox 273 1887 1347 1971; baseline 0.002 -24"><span class='ocrx_word' id='word_1_107' title='bbox 273 1887 349 1959; x_wconf 90' lang='grc' dir='ltr'>δίας.</span> <span class='ocrx_word' id='word_1_108' title='bbox 395 1889 602 1949; x_wconf 77' lang='lat' dir='ltr'>CfiWilamov.</span> <span class='ocrx_word' id='word_1_109' title='bbox 615 1893 714 1969; x_wconf 82' lang='lat' dir='ltr'>Antig.</span> <span class='ocrx_word' id='word_1_110' title='bbox 727 1893 842 1971; x_wconf 73' lang='lat' dir='ltr'><strong>Caryst.</strong></span> <span class='ocrx_word' id='word_1_111' title='bbox 862 1899 931 1964; x_wconf 84' lang='lat' dir='ltr'>lli,</span> <span class='ocrx_word' id='word_1_112' title='bbox 951 1895 999 1957; x_wconf 82' lang='lat'>18.</span> <span class='ocrx_word' id='word_1_113' title='bbox 1036 1889 1085 1950; x_wconf 87' lang='lat' dir='ltr'>Ad</span> <span class='ocrx_word' id='word_1_114' title='bbox 1106 1891 1231 1950; x_wconf 85' lang='lat' dir='ltr'>eundem</span> <span class='ocrx_word' id='word_1_115' title='bbox 1253 1891 1347 1950; x_wconf 84' lang='lat' dir='ltr'>refero</span> 
     </span>
     <span class='ocr_line' id='line_1_15' title="bbox 272 1988 1348 2079; baseline 0.003 -26"><span class='ocrx_word' id='word_1_116' title='bbox 272 1993 361 2053; x_wconf 79' lang='lat' dir='ltr'><strong>schol.</strong></span> <span class='ocrx_word' id='word_1_117' title='bbox 377 1993 499 2072; x_wconf 75' lang='lat' dir='ltr'>Lysistr.</span> <span class='ocrx_word' id='word_1_118' title='bbox 523 2001 594 2059; x_wconf 88' lang='grc'>679.</span> <span class='ocrx_word' id='word_1_119' title='bbox 638 1988 691 2067; x_wconf 63' lang='lat' dir='ltr'>‘Hc</span> <span class='ocrx_word' id='word_1_120' title='bbox 711 1996 825 2057; x_wconf 83' lang='grc' dir='ltr'>Μίκων</span> <span class='ocrx_word' id='word_1_121' title='bbox 846 1994 970 2079; x_wconf 66' lang='grc' dir='ltr'>ἔγραψε.</span> <span class='ocrx_word' id='word_1_122' title='bbox 1002 1994 1134 2076; x_wconf 83' lang='grc' dir='ltr'>Ποικίλη</span> <span class='ocrx_word' id='word_1_123' title='bbox 1155 1994 1231 2056; x_wconf 81' lang='grc' dir='ltr'>στοὰ</span> <span class='ocrx_word' id='word_1_124' title='bbox 1247 1993 1348 2073; x_wconf 83' lang='grc' dir='ltr'>Ἀθή-</span> 
     </span>
     <span class='ocr_line' id='line_1_16' title="bbox 272 2090 1348 2184; baseline 0.001 -26"><span class='ocrx_word' id='word_1_125' title='bbox 272 2120 357 2177; x_wconf 86' lang='grc' dir='ltr'>νησιν</span> <span class='ocrx_word' id='word_1_126' title='bbox 378 2096 457 2159; x_wconf 73' lang='grc' dir='ltr'>οὕτω</span> <span class='ocrx_word' id='word_1_127' title='bbox 479 2097 620 2180; x_wconf 86' lang='grc' dir='ltr'>λεγομένη</span> <span class='ocrx_word' id='word_1_128' title='bbox 642 2100 711 2182; x_wconf 56' lang='grc' dir='ltr'>(νην</span> <span class='ocrx_word' id='word_1_129' title='bbox 731 2102 772 2184; x_wconf 85' lang='lat' dir='ltr'>R)</span> <span class='ocrx_word' id='word_1_130' title='bbox 794 2101 845 2162; x_wconf 84' lang='grc' dir='ltr'>διὰ</span> <span class='ocrx_word' id='word_1_131' title='bbox 866 2101 921 2181; x_wconf 80' lang='grc' dir='ltr'>τήν</span> <span class='ocrx_word' id='word_1_132' title='bbox 944 2100 1068 2162; x_wconf 78' lang='grc' dir='ltr'>ίνοῦσαν</span> <span class='ocrx_word' id='word_1_133' title='bbox 1087 2101 1217 2183; x_wconf 66' lang='grc' dir='ltr'>γραφήν.</span> <span class='ocrx_word' id='word_1_134' title='bbox 1239 2090 1348 2164; x_wconf 69' lang='grc' dir='ltr'>’Ἔνθα</span> 
     </span>
     <span class='ocr_line' id='line_1_17' title="bbox 272 2204 1080 2287; baseline 0.001 -22"><span class='ocrx_word' id='word_1_135' title='bbox 272 2204 429 2285; x_wconf 84' lang='grc' dir='ltr'>πεποίηκεν</span> <span class='ocrx_word' id='word_1_136' title='bbox 449 2205 465 2266; x_wconf 88' lang='grc' dir='ltr'><strong>ὁ</strong></span> <span class='ocrx_word' id='word_1_137' title='bbox 488 2205 602 2266; x_wconf 88' lang='grc' dir='ltr'>Μίκων</span> <span class='ocrx_word' id='word_1_138' title='bbox 624 2213 685 2266; x_wconf 84' lang='grc' dir='ltr'>τῶν</span> <span class='ocrx_word' id='word_1_139' title='bbox 701 2205 876 2285; x_wconf 81' lang='grc' dir='ltr'>Ἀμαζόνων</span> <span class='ocrx_word' id='word_1_140' title='bbox 897 2207 951 2286; x_wconf 81' lang='grc' dir='ltr'>τήν</span> <span class='ocrx_word' id='word_1_141' title='bbox 969 2205 1080 2287; x_wconf 81' lang='grc' dir='ltr'>μάχην.</span> 
     </span>
    </p>

    <p class='ocr_par' dir='ltr' id='par_1_6' title="bbox 272 2301 1347 2501">
     <span class='ocr_line' id='line_1_18' title="bbox 359 2301 1347 2394; baseline 0.005 -26"><span class='ocrx_word' id='word_1_142' title='bbox 359 2310 531 2390; x_wconf 70' lang='grc' dir='ltr'>Ηαεροοιαῒ.</span> <span class='ocrx_word' id='word_1_143' title='bbox 553 2334 583 2391; x_wconf 91' lang='lat' dir='ltr'>p.</span> <span class='ocrx_word' id='word_1_144' title='bbox 608 2319 658 2385; x_wconf 88' lang='grc'>43,</span> <span class='ocrx_word' id='word_1_145' title='bbox 674 2317 714 2374; x_wconf 80' lang='lat'>20</span> <span class='ocrx_word' id='word_1_146' title='bbox 737 2312 831 2372; x_wconf 79' lang='lat' dir='ltr'><strong>Bekk.</strong></span> <span class='ocrx_word' id='word_1_147' title='bbox 853 2301 1000 2373; x_wconf 80' lang='grc' dir='ltr'>-Ἔστι</span> <span class='ocrx_word' id='word_1_148' title='bbox 1022 2309 1055 2372; x_wconf 77' lang='grc' dir='ltr'>δέ</span> <span class='ocrx_word' id='word_1_149' title='bbox 1077 2311 1127 2372; x_wconf 80' lang='grc' dir='ltr'>καί</span> <span class='ocrx_word' id='word_1_150' title='bbox 1150 2311 1237 2394; x_wconf 89' lang='grc' dir='ltr'>τρίτη</span> <span class='ocrx_word' id='word_1_151' title='bbox 1260 2335 1308 2384; x_wconf 90' lang='grc' dir='ltr'>τις</span> <span class='ocrx_word' id='word_1_152' title='bbox 1329 2309 1347 2389; x_wconf 85' lang='grc' dir='ltr'>ή</span> 
     </span>
     <span class='ocr_line' id='line_1_19' title="bbox 272 2411 1345 2501; baseline 0.003 -26"><span class='ocrx_word' id='word_1_153' title='bbox 272 2414 365 2501; x_wconf 79' lang='grc' dir='ltr'>πάλαι</span> <span class='ocrx_word' id='word_1_154' title='bbox 391 2413 447 2493; x_wconf 80' lang='grc' dir='ltr'>μέν</span> <span class='ocrx_word' id='word_1_155' title='bbox 470 2411 624 2489; x_wconf 80' lang='grc' dir='ltr'>Ἀνάκτιος</span> <span class='ocrx_word' id='word_1_156' title='bbox 654 2415 831 2497; x_wconf 83' lang='grc' dir='ltr'>καλουμένη,</span> <span class='ocrx_word' id='word_1_157' title='bbox 861 2415 993 2497; x_wconf 91' lang='grc' dir='ltr'>Ποικίλη</span> <span class='ocrx_word' id='word_1_158' title='bbox 1015 2414 1048 2477; x_wconf 81' lang='grc' dir='ltr'>δέ</span> <span class='ocrx_word' id='word_1_159' title='bbox 1068 2421 1345 2496; x_wconf 84' lang='grc' dir='ltr'>μετονομασθεῖσα.</span> 
     </span>
    </p>

    <p class='ocr_par' dir='ltr' id='par_1_7' title="bbox 272 2520 1348 2914">
     <span class='ocr_line' id='line_1_20' title="bbox 356 2520 1347 2602; baseline -0.002 -22"><span class='ocrx_word' id='word_1_160' title='bbox 356 2521 436 2584; x_wconf 81' lang='lat' dir='ltr'>Suid.</span> <span class='ocrx_word' id='word_1_161' title='bbox 458 2521 583 2602; x_wconf 80' lang='grc' dir='ltr'>Ζήνων·</span> <span class='ocrx_word' id='word_1_162' title='bbox 600 2557 639 2569; x_wconf 93' lang='grc'>--</span> <span class='ocrx_word' id='word_1_163' title='bbox 656 2520 811 2602; x_wconf 73' lang='grc' dir='ltr'>ἐπεκλήθη</span> <span class='ocrx_word' id='word_1_164' title='bbox 833 2521 866 2583; x_wconf 76' lang='grc' dir='ltr'>δὲ</span> <span class='ocrx_word' id='word_1_165' title='bbox 887 2523 936 2583; x_wconf 75' lang='grc' dir='ltr'>καὶ</span> <span class='ocrx_word' id='word_1_166' title='bbox 960 2522 1051 2594; x_wconf 69' lang='grc' dir='ltr'>αὐτὸς</span> <span class='ocrx_word' id='word_1_167' title='bbox 1071 2520 1215 2598; x_wconf 79' lang='grc' dir='ltr'>Στωικός,</span> <span class='ocrx_word' id='word_1_168' title='bbox 1238 2521 1290 2584; x_wconf 86' lang='grc' dir='ltr'>διὰ</span> <span class='ocrx_word' id='word_1_169' title='bbox 1313 2520 1347 2580; x_wconf 88' lang='grc' dir='ltr'>τδ</span> 
     </span>
     <span class='ocr_line' id='line_1_21' title="bbox 273 2623 1348 2713; baseline -0.001 -27"><span class='ocrx_word' id='word_1_170' title='bbox 273 2623 304 2686; x_wconf 78' lang='grc' dir='ltr'>έν</span> <span class='ocrx_word' id='word_1_171' title='bbox 332 2631 370 2708; x_wconf 83' lang='grc' dir='ltr'>τῇ</span> <span class='ocrx_word' id='word_1_172' title='bbox 398 2628 473 2713; x_wconf 82' lang='grc' dir='ltr'>στοᾷ</span> <span class='ocrx_word' id='word_1_173' title='bbox 499 2635 539 2711; x_wconf 86' lang='grc' dir='ltr'>τῇ</span> <span class='ocrx_word' id='word_1_174' title='bbox 568 2624 598 2688; x_wconf 76' lang='grc' dir='ltr'>έν</span> <span class='ocrx_word' id='word_1_175' title='bbox 621 2623 769 2707; x_wconf 82' lang='grc' dir='ltr'>Ἀθήναις</span> <span class='ocrx_word' id='word_1_176' title='bbox 797 2626 915 2701; x_wconf 77' lang='grc' dir='ltr'>διδάξαι</span> <span class='ocrx_word' id='word_1_177' title='bbox 945 2625 1047 2703; x_wconf 79' lang='grc' dir='ltr'>αὐτόν,</span> <span class='ocrx_word' id='word_1_178' title='bbox 1080 2625 1146 2706; x_wconf 81' lang='grc' dir='ltr'>ἣτις</span> <span class='ocrx_word' id='word_1_179' title='bbox 1166 2624 1272 2708; x_wconf 80' lang='grc' dir='ltr'>πρώην</span> <span class='ocrx_word' id='word_1_180' title='bbox 1292 2623 1348 2706; x_wconf 75' lang='grc' dir='ltr'>μέν</span> 
     </span>
     <span class='ocr_line' id='line_1_22' title="bbox 273 2729 1345 2816; baseline 0 -25"><span class='ocrx_word' id='word_1_181' title='bbox 273 2731 530 2809; x_wconf 85' lang='grc' dir='ltr'>Πεισιανάκτειος,</span> <span class='ocrx_word' id='word_1_182' title='bbox 552 2731 726 2814; x_wconf 74' lang='grc' dir='ltr'>ὕστερονδὲ</span> <span class='ocrx_word' id='word_1_183' title='bbox 741 2732 976 2816; x_wconf 83' lang='grc' dir='ltr'>ζωγραφηθεῖσα</span> <span class='ocrx_word' id='word_1_184' title='bbox 991 2732 1123 2812; x_wconf 90' lang='grc' dir='ltr'>Ποικιλη</span> <span class='ocrx_word' id='word_1_185' title='bbox 1138 2729 1263 2811; x_wconf 71' lang='grc' dir='ltr'>ἐκλήθη.</span> <span class='ocrx_word' id='word_1_186' title='bbox 1303 2730 1345 2791; x_wconf 81' lang='lat' dir='ltr'>of.</span> 
     </span>
     <span class='ocr_line' id='line_1_23' title="bbox 272 2836 670 2914; baseline 0.01 -18"><span class='ocrx_word' id='word_1_187' title='bbox 272 2837 343 2897; x_wconf 85' lang='lat' dir='ltr'>ibid.</span> <span class='ocrx_word' id='word_1_188' title='bbox 366 2858 390 2896; x_wconf 82' lang='grc' dir='ltr'>ε.</span> <span class='ocrx_word' id='word_1_189' title='bbox 413 2836 505 2914; x_wconf 84' lang='grc' dir='ltr'>Στοά,</span> <span class='ocrx_word' id='word_1_190' title='bbox 529 2839 670 2903; x_wconf 82' lang='grc' dir='ltr'>Στωικοί.</span> 
     </span>
    </p>

    <p class='ocr_par' dir='ltr' id='par_1_8' title="bbox 273 2939 1345 3131">
     <span class='ocr_line' id='line_1_24' title="bbox 359 2939 1345 3024; baseline -0.003 -23"><span class='ocrx_word' id='word_1_191' title='bbox 359 2943 437 3002; x_wconf 89' lang='lat' dir='ltr'>Num</span> <span class='ocrx_word' id='word_1_192' title='bbox 461 2944 531 3002; x_wconf 82' lang='lat' dir='ltr'><strong>Hes.</strong></span> <span class='ocrx_word' id='word_1_193' title='bbox 554 2943 692 3004; x_wconf 81' lang='grc' dir='ltr'>Στωικοί.</span> <span class='ocrx_word' id='word_1_194' title='bbox 728 2944 775 3005; x_wconf 76' lang='grc' dir='ltr'>Οὐ</span> <span class='ocrx_word' id='word_1_195' title='bbox 788 2941 881 3024; x_wconf 86' lang='grc' dir='ltr'>μόνον</span> <span class='ocrx_word' id='word_1_196' title='bbox 903 2941 930 3004; x_wconf 76' lang='grc' dir='ltr'>ολ</span> <span class='ocrx_word' id='word_1_197' title='bbox 953 2943 1013 3003; x_wconf 79' lang='grc' dir='ltr'>ἀπὸ</span> <span class='ocrx_word' id='word_1_198' title='bbox 1026 2943 1167 3023; x_wconf 90' lang='grc' dir='ltr'>Ζήνωνος</span> <span class='ocrx_word' id='word_1_199' title='bbox 1178 2939 1345 3024; x_wconf 73' lang='grc' dir='ltr'>φιλόσοφοι,</span> 
     </span>
     <span class='ocr_line' id='line_1_25' title="bbox 273 3047 1344 3131; baseline -0.005 -23"><span class='ocrx_word' id='word_1_200' title='bbox 273 3048 350 3108; x_wconf 79' lang='grc' dir='ltr'>ἀλλὰ</span> <span class='ocrx_word' id='word_1_201' title='bbox 369 3048 423 3108; x_wconf 91' lang='grc' dir='ltr'>καί</span> <span class='ocrx_word' id='word_1_202' title='bbox 438 3070 515 3121; x_wconf 87' lang='grc' dir='ltr'>τινες</span> <span class='ocrx_word' id='word_1_203' title='bbox 528 3049 731 3131; x_wconf 81' lang='grc' dir='ltr'>γραμματικοὶ</span> <span class='ocrx_word' id='word_1_204' title='bbox 747 3051 804 3108; x_wconf 82' lang='lat' dir='ltr'>huc</span> <span class='ocrx_word' id='word_1_205' title='bbox 820 3053 964 3129; x_wconf 83' lang='lat' dir='ltr'>pertineat</span> <span class='ocrx_word' id='word_1_206' title='bbox 977 3049 1111 3109; x_wconf 83' lang='lat' dir='ltr'>dubitare</span> <span class='ocrx_word' id='word_1_207' title='bbox 1125 3048 1201 3108; x_wconf 72' lang='lat' dir='ltr'>licet.</span> <span class='ocrx_word' id='word_1_208' title='bbox 1238 3047 1344 3107; x_wconf 84' lang='lat' dir='ltr'><strong>Bernh.</strong></span> 
     </span>
    </p>
   </div>
   <div class='ocr_carea' id='block_1_6' title="bbox 272 3156 451 3233">
    <p class='ocr_par' dir='ltr' id='par_1_9' title="bbox 272 3156 451 3233">
     <span class='ocr_line' id='line_1_26' title="bbox 272 3156 451 3233; baseline -0.011 -17"><span class='ocrx_word' id='word_1_209' title='bbox 272 3156 344 3233; x_wconf 67' lang='lat' dir='ltr'>flag.</span> <span class='ocrx_word' id='word_1_210' title='bbox 368 3157 451 3215; x_wconf 72' lang='lat' dir='ltr'>xm.</span> 
     </span>
    </p>
   </div>
   <div class='ocr_carea' id='block_1_7' title="bbox 272 3360 1346 3764">
    <p class='ocr_par' dir='ltr' id='par_1_10' title="bbox 272 3360 1346 3764">
     <span class='ocr_line' id='line_1_27' title="bbox 359 3360 1346 3438; baseline -0.009 -10"><span class='ocrx_word' id='word_1_211' title='bbox 359 3364 537 3430; x_wconf 72' lang='grc' dir='ltr'><strong><em>133.*1ιί.</em></strong></span> <span class='ocrx_word' id='word_1_212' title='bbox 581 3367 663 3425; x_wconf 81' lang='lat' dir='ltr'><strong>Eust.</strong></span> <span class='ocrx_word' id='word_1_213' title='bbox 698 3372 793 3438; x_wconf 80' lang='lat'><strong>1625,</strong></span> <span class='ocrx_word' id='word_1_214' title='bbox 823 3372 867 3428; x_wconf 92' lang='grc'><strong><em>18.</em></strong></span> <span class='ocrx_word' id='word_1_215' title='bbox 903 3399 943 3411; x_wconf 91' lang='lat'>-</span> <span class='ocrx_word' id='word_1_216' title='bbox 981 3362 1094 3436; x_wconf 80' lang='grc' dir='ltr'>Λίλιος</span> <span class='ocrx_word' id='word_1_217' title='bbox 1125 3360 1159 3423; x_wconf 78' lang='grc' dir='ltr'>δέ</span> <span class='ocrx_word' id='word_1_218' title='bbox 1189 3360 1346 3428; x_wconf 80' lang='grc' dir='ltr'>Διονύσιος</span> 
     </span>
     <span class='ocr_line' id='line_1_28' title="bbox 274 3465 1344 3554; baseline -0.008 -23"><span class='ocrx_word' id='word_1_219' title='bbox 274 3471 374 3554; x_wconf 82' lang='grc' dir='ltr'>φησίν,</span> <span class='ocrx_word' id='word_1_220' title='bbox 404 3470 450 3531; x_wconf 82' lang='grc' dir='ltr'>ὅτι</span> <span class='ocrx_word' id='word_1_221' title='bbox 479 3471 618 3552; x_wconf 80' lang='grc' dir='ltr'>ταρρολ</span> <span class='ocrx_word' id='word_1_222' title='bbox 649 3469 699 3530; x_wconf 78' lang='grc' dir='ltr'>καί</span> <span class='ocrx_word' id='word_1_223' title='bbox 729 3470 834 3551; x_wconf 80' lang='grc' dir='ltr'>ταρσοὶ</span> <span class='ocrx_word' id='word_1_224' title='bbox 864 3468 989 3550; x_wconf 86' lang='grc' dir='ltr'>τάλαροι</span> <span class='ocrx_word' id='word_1_225' title='bbox 1010 3469 1061 3529; x_wconf 79' lang='grc' dir='ltr'>καί</span> <span class='ocrx_word' id='word_1_226' title='bbox 1084 3468 1123 3529; x_wconf 83' lang='grc' dir='ltr'>τὰ</span> <span class='ocrx_word' id='word_1_227' title='bbox 1144 3465 1344 3544; x_wconf 84' lang='grc' dir='ltr'>αλατιίσματα</span> 
     </span>
     <span class='ocr_line' id='line_1_29' title="bbox 272 3571 1344 3655; baseline -0.007 -18"><span class='ocrx_word' id='word_1_228' title='bbox 272 3585 335 3637; x_wconf 83' lang='grc' dir='ltr'>τῶν</span> <span class='ocrx_word' id='word_1_229' title='bbox 357 3583 474 3636; x_wconf 80' lang='grc' dir='ltr'>κωπῶν.</span> <span class='ocrx_word' id='word_1_230' title='bbox 510 3575 553 3635; x_wconf 83' lang='lat' dir='ltr'>Os.</span> <span class='ocrx_word' id='word_1_231' title='bbox 577 3575 646 3636; x_wconf 88' lang='lat' dir='ltr'>ibid.</span> <span class='ocrx_word' id='word_1_232' title='bbox 673 3581 743 3649; x_wconf 84' lang='lat'>843,</span> <span class='ocrx_word' id='word_1_233' title='bbox 763 3581 812 3639; x_wconf 83' lang='lat'>38.</span> <span class='ocrx_word' id='word_1_234' title='bbox 847 3577 917 3634; x_wconf 78' lang='lat' dir='ltr'><strong>Hes.</strong></span> <span class='ocrx_word' id='word_1_235' title='bbox 941 3596 964 3638; x_wconf 83' lang='lat' dir='ltr'>s.</span> <span class='ocrx_word' id='word_1_236' title='bbox 989 3571 1118 3655; x_wconf 88' lang='grc' dir='ltr'>Ταρρός.</span> <span class='ocrx_word' id='word_1_237' title='bbox 1151 3573 1344 3650; x_wconf 73' lang='grc' dir='ltr'>Ρλιοο.’Ταρ-</span> 
     </span>
     <span class='ocr_line' id='line_1_30' title="bbox 276 3680 939 3764; baseline -0.003 -22"><span class='ocrx_word' id='word_1_238' title='bbox 276 3680 330 3764; x_wconf 93' lang='grc' dir='ltr'>ροί.</span> <span class='ocrx_word' id='word_1_239' title='bbox 376 3683 430 3742; x_wconf 78' lang='lat' dir='ltr'>Est</span> <span class='ocrx_word' id='word_1_240' title='bbox 451 3680 488 3740; x_wconf 82' lang='lat' dir='ltr'>ad</span> <span class='ocrx_word' id='word_1_241' title='bbox 509 3680 588 3742; x_wconf 88' lang='lat' dir='ltr'><strong>Nub.</strong></span> <span class='ocrx_word' id='word_1_242' title='bbox 614 3687 684 3744; x_wconf 80' lang='lat'>226.</span> <span class='ocrx_word' id='word_1_243' title='bbox 730 3680 773 3740; x_wconf 77' lang='lat' dir='ltr'>Cf.</span> <span class='ocrx_word' id='word_1_244' title='bbox 794 3681 866 3758; x_wconf 77' lang='lat' dir='ltr'>frag.</span> <span class='ocrx_word' id='word_1_245' title='bbox 891 3688 939 3741; x_wconf 83' lang='lat'>75.</span> 
     </span>
    </p>
   </div>
   <div class='ocr_carea' id='block_1_8' title="bbox 361 3885 1457 3973">
    <p class='ocr_par' dir='ltr' id='par_1_11' title="bbox 361 3885 1457 3973">
     <span class='ocr_line' id='line_1_31' title="bbox 361 3885 1457 3973; baseline -0.014 -18"><span class='ocrx_word' id='word_1_246' title='bbox 361 3898 440 3956; x_wconf 80' lang='lat'><strong><em>134.</em></strong></span> <span class='ocrx_word' id='word_1_247' title='bbox 465 3895 502 3954; x_wconf 91' lang='lat' dir='ltr'>L.</span> <span class='ocrx_word' id='word_1_248' title='bbox 546 3892 632 3952; x_wconf 75' lang='lat' dir='ltr'>Phot„</span> <span class='ocrx_word' id='word_1_249' title='bbox 656 3889 766 3973; x_wconf 63' lang='lat' dir='ltr'>(Suiti)</span> <span class='ocrx_word' id='word_1_250' title='bbox 795 3887 1020 3964; x_wconf 82' lang='grc' dir='ltr'>Τευτάζειν.</span> <span class='ocrx_word' id='word_1_251' title='bbox 1065 3885 1342 3969; x_wconf 80' lang='grc' dir='ltr'>Πραγματεύεσθαι</span> <span class='ocrx_word' id='word_1_252' title='bbox 1456 3891 1457 3898; x_wconf 77' lang='grc'>’</span> 
     </span>
    </p>
   </div>
   <div class='ocr_carea' id='block_1_9' title="bbox 275 3985 1341 4185">
    <p class='ocr_par' dir='ltr' id='par_1_12' title="bbox 275 3985 1341 4185">
     <span class='ocr_line' id='line_1_32' title="bbox 276 3985 1341 4079; baseline -0.012 -20"><span class='ocrx_word' id='word_1_253' title='bbox 276 3997 296 4079; x_wconf 79' lang='grc' dir='ltr'>ή</span> <span class='ocrx_word' id='word_1_254' title='bbox 324 4000 554 4079; x_wconf 77' lang='grc' dir='ltr'>σκευωρεῖσθαι.</span> <span class='ocrx_word' id='word_1_255' title='bbox 594 3990 641 4058; x_wconf 87' lang='grc' dir='ltr'><strong><em>Ἢ</em></strong></span> <span class='ocrx_word' id='word_1_256' title='bbox 663 3995 901 4079; x_wconf 80' lang='grc' dir='ltr'>στραγγειίεσθαι</span> <span class='ocrx_word' id='word_1_257' title='bbox 929 3992 1164 4076; x_wconf 80' lang='grc' dir='ltr'>(στρατεύεσθαι</span> <span class='ocrx_word' id='word_1_258' title='bbox 1190 3989 1268 4072; x_wconf 85' lang='lat' dir='ltr'><strong>cod.)</strong></span> <span class='ocrx_word' id='word_1_259' title='bbox 1296 3985 1341 4048; x_wconf 80' lang='grc' dir='ltr'>καὶ</span> 
     </span>
     <span class='ocr_line' id='line_1_33' title="bbox 275 4095 1341 4185; baseline -0.008 -22"><span class='ocrx_word' id='word_1_260' title='bbox 275 4105 351 4164; x_wconf 81' lang='grc' dir='ltr'>πολὺ</span> <span class='ocrx_word' id='word_1_261' title='bbox 373 4102 540 4184; x_wconf 80' lang='grc' dir='ltr'>διατρίβειν</span> <span class='ocrx_word' id='word_1_262' title='bbox 561 4098 592 4163; x_wconf 75' lang='grc' dir='ltr'>ἓν</span> <span class='ocrx_word' id='word_1_263' title='bbox 613 4104 657 4185; x_wconf 81' lang='grc' dir='ltr'>τῷ</span> <span class='ocrx_word' id='word_1_264' title='bbox 678 4102 770 4184; x_wconf 78' lang='grc' dir='ltr'>αὐτῷ.</span> <span class='ocrx_word' id='word_1_265' title='bbox 805 4099 984 4182; x_wconf 72' lang='grc' dir='ltr'>Λυκόφρων</span> <span class='ocrx_word' id='word_1_266' title='bbox 1014 4098 1108 4171; x_wconf 81' lang='grc' dir='ltr'>οὕτως</span> <span class='ocrx_word' id='word_1_267' title='bbox 1129 4097 1179 4158; x_wconf 80' lang='grc' dir='ltr'>καὶ</span> <span class='ocrx_word' id='word_1_268' title='bbox 1203 4095 1341 4173; x_wconf 82' lang='grc' dir='ltr'>Δίδυμος,</span> 
     </span>
    </p>
   </div>
   <div class='ocr_carea' id='block_1_10' title="bbox 0 0 1496 4740">
    <p class='ocr_par' dir='ltr' id='par_1_13' title="bbox 0 0 1496 4740">
     <span class='ocr_line' id='line_1_34' title="bbox 0 0 1496 4740; baseline 0 0"><span class='ocrx_word' id='word_1_269' title='bbox 0 0 1496 4740; x_wconf 95' lang='lat' dir='ltr'> </span> 
     </span>
    </p>
   </div>
  </div>
 </body>
</html>
