2984 4740
665 289 854 351 ..4-

227 454 264 514 de
285 455 454 536 Antiphane
476 456 561 537 (frag.
580 457 640 538 13).
678 456 714 515 Id
735 477 828 534 genus
849 461 1059 537 quaestionum,
1077 459 1155 538 quod
1173 463 1301 521 imitatur

226 560 405 634 Athenaeus,
436 569 494 620 ποῦ
517 559 640 622 ἕκαστον
662 570 782 643 πρῶτον
803 570 909 638 κεῖται,
939 563 977 623 ab
1007 583 1041 624 eo
1063 573 1216 624 tractatum
1239 585 1301 625 esse

227 665 310 725 doeet
331 666 402 743 frag.
428 674 456 730 7.
500 667 605 746 Neque
626 687 688 726 rem
709 670 856 726 metricam
878 666 1037 745 neglectam
1065 689 1128 728 esse
1149 669 1302 730 ostendere

227 769 344 830 uidetur
378 791 516 850 peruersa
550 775 698 832 annotatio
735 772 774 832 de
809 793 895 833 uersu
931 771 1088 852 spondiaco
1126 773 1210 856 (frag.
1238 775 1299 856 12).

226 875 428 954 Intellegimus
449 885 545 936 autem
568 897 605 936 ex
627 878 712 938 huius
733 878 789 937 loei
811 888 914 938 natura
934 899 952 936 a
972 878 1046 938 libro
1066 902 1096 938 π.
1112 900 1190 956 κωμ.
1213 899 1301 959 quam

227 984 354 1040 maxime
382 981 486 1054 alieni,
517 982 622 1042 frustra
644 1002 707 1042 esse
728 987 752 1043 si
775 986 839 1063 quis
862 987 984 1044 certiora
1005 983 1042 1042 de
1064 986 1159 1063 operis
1180 983 1300 1064 disposi-

226 1089 306 1146 tione
327 1095 455 1146 statuere
476 1087 555 1146 uelit.

300 1192 408 1252 .Maior
429 1194 524 1272 operis
545 1212 613 1271 pars
641 1195 672 1250 in
694 1195 757 1273 ipsa
779 1196 1017 1274 interpretatione
1038 1203 1151 1253 uersata
1174 1214 1236 1253 esse
1257 1197 1300 1253 ui·

229 1297 322 1371 detur,
335 1307 424 1377 atque
446 1299 521 1356 hane
540 1281 773 1378 glossographice
795 1301 954 1358 institutam
975 1300 1063 1358 fuisse
1084 1298 1208 1358 illustrat
1228 1299 1299 1376 frag.

230 1409 279 1466 85.
299 1401 480 1485 Λυκόφρων
502 1399 530 1463 ‹l'
554 1401 585 1462 ἓν
606 1403 650 1484 τῷ
672 1402 784 1486 ἓννάτῳ
806 1427 838 1468 π.
861 1427 889 1464 κ.
912 1402 1125 1485 παραθέμενος
1146 1403 1181 1462 τὸ
1206 1404 1301 1484 Φερε-

161 1575 165 1586 ,
228 1506 357 1589 andreae
378 1507 428 1568 aul
451 1508 543 1579 αὐτὸς
564 1501 643 1568 εἶναι’
668 1529 741 1590 φησι
763 1506 844 1590 γένος
867 1509 985 1580 κύλικος
1006 1508 1060 1586 τὴν
1083 1507 1241 1586 λεπαστήν,
1264 1527 1302 1566 ex

228 1634 287 1693 quo
317 1613 469 1689 colligitur,
504 1635 563 1673 non
594 1612 632 1673 ad
662 1614 791 1692 singulas
820 1614 933 1674 fabulas
963 1615 1227 1694 interpretationem
1256 1634 1300 1672 ac-

227 1717 438 1778 commodatam
466 1719 561 1792 luisse,
592 1718 642 1778 sed
671 1705 799 1795 singulas
821 1720 930 1796 glossas
953 1719 1110 1798 explicatas
1133 1721 1302 1779 testimoniis

227 1825 367 1903 appositis
396 1827 521 1882 munitas
549 1843 620 1888 esse.
664 1824 696 1884 Si
726 1827 814 1901 igitur
840 1825 923 1885 nobis
952 1828 1099 1896 sumimus,
1130 1824 1209 1904 quod
1238 1845 1302 1883 cum

229 1948 282 2008 per
303 1948 334 1987 se
356 1931 393 1988 sit
414 1929 565 2008 probabile
586 1929 727 1990 Zenodoti
750 1931 883 2010 exemplo
905 1930 1064 1988 affirmatur
1087 1929 1135 2010 (cf.
1149 1930 1302 2008 Pluygers,

231 2035 374 2094 Mnemos.
397 2039 412 2096 Ι
435 2033 499 2114 48),
530 2035 582 2094 has
610 2035 720 2112 glossas
748 2035 827 2094 κατὰ
856 2041 1002 2114 στοιχεῖον
1031 2033 1184 2113 dispositas
1205 2035 1302 2106 fuisse,

229 2141 413 2200 manifestum
435 2149 493 2212 est,
517 2160 582 2199 oum
605 2161 681 2201 nono
704 2140 777 2199 libro
800 2161 886 2200 noces
908 2142 1003 2200 littera
1024 2143 1041 2200 λ
1063 2141 1232 2218 incipientes
1255 2159 1303 2196 ex·

229 2242 352 2326 plicatae
374 2249 440 2317 sint,
465 2264 536 2324 opus
558 2264 663 2305 nouem
684 2246 824 2306 librorum
846 2249 969 2326 spatium
991 2246 1076 2322 longe
1096 2246 1258 2304 excessisse.

315 2351 373 2411 Sed
395 2350 466 2410 haee
488 2353 584 2410 omnia
612 2353 697 2410 nimis
719 2353 844 2425 ineerta,
875 2361 989 2410 transeo
1018 2353 1105 2427 igitur
1127 2348 1163 2407 ad
1186 2347 1303 2408 demon·

230 2454 393 2529 strandum,
417 2455 487 2535 quid
510 2459 540 2516 in
562 2458 799 2536 interpretatione
820 2458 992 2515 comicorum
1014 2457 1189 2534 praestiterit
1211 2456 1303 2532 Lyco-

230 2563 314 2641 phro.
359 2562 395 2620 In
424 2562 470 2621 his
498 2571 594 2622 autem
622 2581 660 2620 ne
688 2564 792 2620 iniuste
818 2560 976 2620 iudicemus
997 2559 1236 2620 considerandum
1262 2570 1305 2618 est

231 2666 336 2746 quibus
359 2665 571 2726 conditionibus
592 2665 630 2734 ad
651 2667 722 2725 haec
740 2667 836 2727 studia
857 2669 1015 2726 accesserit.
1051 2666 1150 2746 Atque
1172 2668 1305 2724 maximis

230 2770 443 2851 impedimentis
465 2781 535 2830 tune
556 2773 693 2851 temporis
714 2775 895 2850 perstrictum
917 2774 1006 2832 fuisse
1020 2774 1044 2831 si
1059 2775 1124 2850 quis
1140 2770 1305 2830 comoediae

231 2896 349 2956 operam
378 2876 557 2956 impenderet
586 2879 651 2956 quis
680 2897 739 2935 non
769 2876 939 2954 intellegat?
983 2877 1139 2936 Scatebant
1167 2895 1237 2935 sane
1259 2896 1304 2933 co-

186 2989 194 3005 '
231 2980 363 3040 moediae
384 2991 427 3040 tot
445 2982 554 3042 facetiis
569 2991 598 3042 et
612 2981 793 3041 irrisionibus
807 3002 879 3061 quas
896 2985 1020 3061 quinon
1035 2985 1105 3041 ciuis
1119 2981 1305 3041 Atheniensis

230 3098 282 3146 aut
303 3107 400 3146 rerum
421 3088 581 3147 Atticarum
610 3089 799 3167 peritissimus
821 3097 897 3146 esset
918 3090 1034 3147 omnino
1057 3087 1225 3163 intellegere
1246 3107 1305 3145 non

231 3202 344 3273 posset,
376 3202 405 3253 et
431 3213 526 3272 usque
547 3213 581 3253 eo
603 3194 725 3254 refertae
747 3202 829 3252 erant
850 3193 998 3252 uocabulis
1020 3213 1037 3252 a
1059 3195 1166 3252 comico
1188 3211 1305 3272 quoque

231 3296 330 3378 lepide
350 3298 423 3356 fietis
445 3301 506 3358 siue
527 3319 564 3358 ex
585 3298 696 3376 uolgari
722 3319 853 3358 sermone
875 3287 1096 3358 Atheniensium
1117 3295 1304 3377 depromptis,

233 3423 357 3483 quornm
390 3423 495 3480 magna
526 3424 593 3483 pars
623 3389 808 3464 uoluentibui
833 3406 917 3463 annis
948 3404 1034 3482 plane
1063 3406 1242 3474 euanuisset,
1273 3411 1306 3460 ut

232 3507 312 3567 haud
341 3510 453 3585 exiguis
482 3506 584 3568 studiis
614 3510 640 3566 ei
669 3530 741 3588 opus
769 3519 858 3582 esset,
889 3512 940 3589 qui
962 3498 1158 3568 Alexandriae
1186 3508 1237 3566 has
1260 3527 1306 3566 res

232 3615 342 3674 subiret
364 3613 536 3673 emendas.
581 3612 667 3674 Unde
688 3623 785 3674 autem
807 3619 962 3694 sumpsisse
983 3625 1117 3694 putemus
1138 3615 1306 3692 Lycophro-

234 3739 300 3777 nem
322 3719 397 3777 hanc
421 3718 592 3777 scientiam?
636 3718 804 3780 Glossarum
830 3722 982 3800 explicatio
1004 3721 1042 3780 ab
1065 3721 1184 3779 Homeri
1207 3722 1306 3778 carmi-

232 3825 320 3884 nibus
341 3833 404 3883 nrta
426 3826 559 3903 quamuis
580 3833 647 3882 ante
668 3833 799 3904 tempora
827 3827 888 3884 eius
910 3825 1064 3903 diligenter
1085 3828 1212 3884 exercita
1234 3835 1309 3885 esset

234 3927 283 4010 (ef.
307 3930 409 4006 Mein,
441 3950 487 4009 op.
511 3934 541 3992 II
569 3938 604 3990 10
628 3950 689 4009 seq.
720 3930 821 4001 Lehrs,
851 3931 940 3989 Arist.
971 3953 999 4010 p.
1025 3937 1063 3992 42
1086 3951 1147 4010 seq.
1192 3932 1305 4005 Nauck,

233 4035 310 4094 Mus.
334 4035 427 4094 Rhen.
451 4055 479 4092 n.
504 4056 525 4095 s.
550 4039 591 4098 VI
616 4041 684 4097 332.
729 4035 878 4114 Aristoph.
902 4037 974 4113 Byz.
998 4058 1026 4116 p.
1047 4043 1083 4097 73
1101 4035 1186 4117 seq),
1211 4047 1307 4096 tamen

234 4139 272 4198 ad
295 4140 421 4198 Atticam
444 4139 619 4200 comoediam
643 4139 721 4199 haud
744 4143 783 4198 ita
805 4140 927 4199 multum
948 4142 1073 4200 ualebat.
1118 4143 1175 4204 Sed
1197 4146 1308 4202 etiamsi
