2984 4740
709 281 924 344 ..20-

281 459 403 530 apparet
423 449 505 509 illum
527 450 734 509 Eratosthenis
750 449 971 529 explicationem
997 455 1076 512 nocis
1096 451 1358 536 βαλανειόμφαλοι

281 557 313 614 in
334 574 422 636 opere
443 578 474 615 π.
496 577 525 619 ιι.
548 562 709 615 exstantem
730 556 899 615 accuratius*
911 555 1077 618 definiuisse
1104 555 1214 639 (Hiller
1234 577 1263 634 p.
1289 555 1356 636 74).-

282 656 370 736 Quod
386 659 536 740 ¹quomodo
556 659 595 720 ad
614 661 742 720 Hermae
761 662 1026 741 interpretationem
1047 666 1191 744 pertineat
1210 661 1283 721 mihi
1304 659 1355 721 ob·

281 784 397 826 scuram
419 775 470 826 est
515 765 650 826 Eundem
671 764 858 826 Timarchum
880 770 1052 828 comicorum
1074 777 1268 828 enamtorem
1289 786 1355 846 pro·

281 868 325 930 dit
346 871 417 935 Hes.
447 891 469 930 s.
492 892 520 930 v.
551 871 680 949 όμοστις
710 869 795 948 (trag.
822 870 884 953 10).
929 872 1014 934 Adde
1043 873 1123 954 quod
1144 875 1196 934 nix
1217 870 1356 932 credibile

281 985 325 1035 est
354 976 484 1057 epyllion
512 976 586 1037 illud
614 974 816 1037 Eratosthenis
844 986 980 1056 quattuor
1007 979 1056 1038 uel
1081 978 1214 1059 pluribus
1235 976 1356 1038 librisa

210 1129 212 1138 .
281 1081 438 1142 Timarcho
454 1083 641 1164 *explicatum
668 1090 739 1140 esse
783 1081 919 1142 Fortasse
943 1085 1032 1161 igitur
1053 1102 1114 1143 rem
1136 1087 1177 1144 ita
1197 1083 1281 1144 nobis
1302 1083 1355 1142 fin·

281 1188 351 1264 gerii
372 1185 520 1263 debemus,
542 1197 577 1248 ut
596 1196 755 1248 statuamus
776 1187 964 1248 Timarchum
985 1187 1023 1248 ad
1045 1189 1247 1249 Eratosthenis
1268 1208 1357 1269 opera

282 1295 501 1353 commentarios
521 1295 678 1374 scripsisse,
701 1294 761 1373 qui,
780 1311 845 1352 curn
866 1293 995 1354 Hermae
1018 1296 1161 1372 insignem
1183 1296 1277 1356 locum
1299 1304 1355 1354 tra-

283 1397 401 1473 derent,
433 1398 502 1458 inde
536 1398 664 1459 breuiter
689 1396 756 1479 περὶ
791 1405 846 1457 τοῦ
872 1394 986 1479 Ἑρμοῦ
1019 1400 1157 1480 appellati
1191 1403 1265 1475 sint3
1299 1402 1355 1459 nisi

280 1505 355 1563 forte
373 1505 466 1584 turpis
486 1504 631 1564 Athenaei
653 1523 734 1563 error
754 1502 966 1582 intellegendus
988 1514 1039 1564 est.
1085 1503 1144 1580 Qui
1166 1504 1283 1585 quidem
1305 1506 1357 1564 Τί-Ι

281 1608 414 1669 marthus
443 1611 507 1689 quis
533 1609 624 1669 tirerit
641 1611 746 1667 nescio.
791 1608 823 1668 Si
844 1620 923 1669 recte
943 1609 1124 1671 contendunt
1145 1630 1211 1670 cum
1232 1610 1356 1670 eundem

282 1733 345 1774 esse
365 1722 454 1794 atque
468 1712 670 1774 Timachidam
684 1713 831 1773 Rhodium
848 1716 951 1796 (Mein.
969 1716 1053 1774 Anal.
1069 1716 1117 1776 Al.
1138 1723 1225 1790 11,1.
1262 1717 1356 1776 Hiller

281 1841 310 1899 p.
329 1810 381 1893 74,
396 1819 438 1902 2),
461 1819 602 1880 nonnulla
624 1839 661 1880 ex
682 1818 757 1878 libro
779 1823 841 1879 eius
863 1823 893 1880 in
914 1821 1031 1881 scholiis
1052 1821 1201 1881 habemus.
1310 1879 1311 1884 ,
1351 1877 1353 1880 .

367 1923 450 1987 Idem
486 1925 631 1985 Athenaei
667 1925 747 1985 locus
782 1925 871 1985 alium
905 1927 1105 2008 Eratosthenis
1140 1925 1356 2006 compilatorem

281 2029 386 2111 prodit.

281 2175 333 2234 Er.
363 2179 425 2233 τῶν
453 2171 510 2254 γὰρ
538 2174 655 2253 φιαλῶν
677 2169 704 2232 οἱ
727 2173 784 2262 (λιι-
854 2172 870 2234 ό
893 2170 926 2233 ιλὲ
941 2173 1123 2255 Μυρλεανὸς
1137 2170 1357 2256 Ἀσκληπιάδης

282 2278 372 2362 φαλολ
402 2277 456 2338 παὶ
485 2285 546 2338 τῶν
566 2277 735 2356 βαλανείων
757 2275 784 2339 οἱ
854 2277 885 2338 ἐν
906 2279 1050 2360 τοῖςπερὶ
1065 2279 1221 2361 Κρατίνου
1240 2283 1356 2362 ,βαλα-

283 2383 372 2446 θόλοι
395 2382 555 2467 παρόμοιοι
855 2382 1029 2466 νιιόμφαλοι
1062 2382 1212 2465 λέγονται,
1250 2383 1297 2446 ὅτι
1329 2381 1356 2444 oi

853 2489 984 2571 ὀμφαλοὶ
1001 2491 1102 2550 αὐτῶν
1117 2490 1243 2551 καὶτῶν
1257 2493 1355 2569 βαλα-

854 2600 938 2661 νειίον
971 2597 998 2660 oi
1028 2599 1118 2662 θόλοι
1145 2599 1245 2680 ὅμοιοί
1262 2600 1352 2663 etsist

282 2770 321 2830 ad
356 2769 478 2830 uerbum
514 2774 708 2851 transscripsit
743 2769 932 2851 Asclepiades
967 2770 1138 2850 Myrleanus
1174 2772 1253 2854 (hist
1294 2774 1356 2831 crit.

283 2898 312 2955 p.
332 2875 382 2958 12)
405 2876 636 2936 Eratosthenem.
673 2876 753 2956 Apte
773 2876 862 2951 igitur
883 2875 990 2934 Bernh.
1011 2897 1040 2954 p.
1054 2882 1112 2938 207
1135 2876 1356 2936 Eratosthenem

285 2990 314 3040 et
334 2979 536 3060 Asclepiadem
562 2983 716 3060 componit,
739 2977 882 3059 siquidem
904 3000 941 3040 ex
963 2980 1136 3061 Asclepiade
1157 2981 1357 3041 Eratosthenis

285 3073 509 3164 disputationem
531 3087 682 3146 restituere
702 3086 778 3145 licet
813 3085 880 3161 Qua
901 3085 1019 3165 quidem
1041 3105 1074 3147 re
1094 3087 1279 3147 confirmatur
1297 3089 1357 3167 opi·

284 3192 334 3250 nio
355 3190 558 3250 Eratosthenis
580 3193 787 3252 onomasticum
816 3211 875 3252 non
896 3191 1107 3270 seiungendum
1128 3212 1191 3252 esse
1211 3192 1249 3252 ab
1271 3212 1359 3273 opere

284 3320 317 3360 ιι.
339 3318 367 3356 ιι.
413 3297 511 3356 Minus
532 3296 706 3357 beneuolum
727 3296 850 3357 iudicem
871 3298 1071 3358 Aristarchum
1097 3301 1121 3358 si
1147 3301 1263 3358 incertis
1284 3298 1358 3358 indi·
1468 3341 1469 3374 ,

286 3403 337 3462 ciis
358 3401 501 3462 confidere
521 3405 565 3461 fas
588 3411 631 3461 est
651 3411 753 3460 nactus
773 3421 836 3461 esse
856 3402 972 3465 uidetur
994 3404 1079 3485 (frag.
1096 3409 1162 3476 tac,
1180 3404 1244 3485 52).
1279 3405 1359 3465 Num

285 3528 303 3566 ο
324 3508 487 3587 Tryphone
508 3507 598 3566 lectus
621 3509 658 3565 sit
680 3504 800 3566 dubium
823 3515 866 3566 est
885 3506 970 3588 (frag.
987 3508 1050 3591 52),
1074 3509 1242 3570 Ciceronem
1263 3511 1360 3588 operis
1468 3543 1469 3564 r

285 3635 318 3677 ιι.
348 3634 377 3677 κ.
407 3615 538 3673 notitiam
567 3610 703 3671 habuisse
732 3612 925 3690 intellegimus
951 3633 990 3673 ex
1019 3615 1090 3692 frag.
1115 3620 1165 3687 48,
1195 3613 1358 3674 Varronem

287 3717 555 3800 (Tyrannioneml)
577 3737 615 3776 ex
635 3716 837 3777 obseruatione
857 3717 894 3776 de
915 3718 1081 3778 accentibus
1096 3717 1138 3800 (p.
1155 3717 1217 3800 14),
1238 3719 1358 3798 Apollo-

286 3825 367 3882 nium
381 3825 508 3904 Tyrium
525 3824 730 3900 exfmg.132.
765 3823 867 3900 Longe
880 3833 977 3884 autem
990 3826 1145 3883 maximam
1160 3824 1359 3884 Eratostheni·

285 3947 385 3988 corum
405 3931 517 4009 copiam
539 3948 557 3986 a
577 3927 708 4006 Didymo
730 3937 874 3987 seruatam
896 3949 958 3989 esse
979 3929 1155 3989 Schmidtius
1178 3929 1219 4009 (p.
1239 3934 1277 3991 42
1296 3948 1356 4008 seq.

286 4055 315 4112 p.
339 4033 416 4113 292)
448 4033 664 4096 demonstrauit.
712 4032 784 4092 Post
815 4034 902 4094 huius
934 4037 989 4095 uiri
1023 4041 1146 4095 aetatem
1178 4034 1285 4095 lectum
1317 4042 1360 4093 eet

286 4159 358 4220 opus
388 4162 421 4202 ιι.
443 4161 472 4203 κ.
494 4159 512 4198 a
536 4137 736 4215 *Quintiliano
760 4138 844 4219 (frag.
871 4139 954 4222 124).
998 4141 1105 4200 Pollux
1126 4141 1159 4199 X
1185 4147 1198 4202 1
1231 4139 1301 4200 dicit
1329 4160 1359 4200 se
