2984 4740
659 277 873 338 „14-

229 445 393 524 graphicus‚
408 446 534 504 Pollucis
556 446 630 505 libro
651 447 682 504 X
704 445 891 527 respondem.
933 444 1117 534 Quamquam
1140 451 1169 506 iu
1191 469 1223 507 re
1244 458 1304 508 tam

231 553 340 610 incerta
361 571 420 610 non
442 551 609 617 obstiterim,
633 553 657 608 si
680 553 745 630 quis
760 554 847 610 totius
862 552 957 630 operis
971 551 1087 611 titulum
1103 555 1304 634 scenographi-

229 674 294 713 cum
316 655 404 714 fnisse
426 655 588 714 contendat.
624 654 780 731 Quaeritur
802 663 908 728 autem,
932 675 1000 714 num
1023 656 1078 714 hoe
1096 662 1303 718 onomasticum

230 763 348 820 omnino
361 759 407 818 ad
429 780 502 840 opus
525 784 556 823 n.
580 783 607 823 κ.
635 763 794 840 pertineat;
820 761 980 836 fragmenta
1003 763 1079 820 enim
1101 773 1216 822 seruata
1238 764 1302 844 (17,

233 869 281 937 39,
306 865 360 944 60)
391 868 431 924 ita
460 874 624 946 comparata
652 867 735 936 sunt,
766 874 799 924 ut
825 867 904 924 uitae
928 866 1089 925 cotidianae
1114 871 1304 927 instrumenta

231 973 360 1029 enarrari
388 969 551 1040 uideantur,
580 973 669 1051 ipsius
695 978 791 1028 autern
821 970 985 1030 comoediae
1013 971 1094 1030 nulla
1114 975 1220 1032 mentio
1243 973 1302 1032 fiat.

230 1075 328 1134 Facile
356 1078 444 1152 igitur
473 1076 647 1152 singularem
677 1074 822 1154 quendam
851 1075 957 1136 librum
986 1078 1023 1136 ab
1046 1096 1133 1157 opere
1153 1101 1186 1141 τι.
1209 1100 1236 1138 κ.
1260 1099 1303 1138 sc·

230 1182 360 1239 iunctum
380 1180 539 1257 intellegas.
584 1179 727 1240 Sericum
751 1178 907 1260 disputatio
930 1181 966 1240 de
988 1202 1059 1242 uoce
1081 1183 1189 1262 σισύρα
1212 1183 1302 1267 (125)

230 1287 262 1343 in
289 1286 405 1345 scholiis
425 1287 646 1366 Aristophaneis
675 1296 789 1346 seruata
818 1286 943 1345 dubitari
973 1307 1032 1346 non
1060 1292 1151 1366 possit
1172 1294 1243 1368 quin
1266 1311 1302 1349 ex

231 1393 405 1450 onomastico
435 1393 575 1468 originem
603 1390 733 1464 duxerit,
762 1389 924 1451 adhibitum
947 1391 1046 1452 saltem
1071 1413 1133 1452 esse
1155 1395 1303 1478 hocopus
1371 1397 1377 1412 '

230 1497 431 1555 Eratosthenis
459 1498 491 1554 in
512 1496 628 1555 scholiis
649 1494 808 1555 conflandis
828 1508 958 1578 apparet.
996 1499 1131 1560 Fortasse
1152 1504 1241 1578 igitur
1257 1521 1303 1561 res

230 1603 271 1660 ita
292 1601 439 1673 sehabet,
463 1611 496 1660 ut
516 1601 723 1660 Eratosthenes
746 1602 896 1674 uocabula,
919 1623 996 1682 quae
1018 1623 1055 1661 ex
1076 1607 1137 1663 uita
1158 1603 1303 1663 cotidiana

231 1704 382 1785 desumpta
409 1704 488 1785 apud
512 1709 634 1766 comicos
663 1726 812 1785 nunquam
843 1727 903 1765 non
932 1720 1129 1784 occurrerent,
1157 1709 1213 1768 hoc
1234 1730 1303 1769 ono·
1328 1719 1333 1729 “

192 1811 194 1820 ’
231 1813 349 1871 mastico
371 1815 578 1891 composuerit,
609 1810 646 1869 de
668 1811 861 1888 singularibus
883 1823 979 1873 autem
1003 1815 1101 1873 uerbis
1122 1814 1245 1894 aliisque
1267 1814 1304 1874 de

230 1913 316 1972 rebus
338 1923 370 1971 ut
391 1934 525 1995 quaeque
546 1914 584 1975 ad
606 1915 734 1993 singulas
755 1915 868 1976 fabulas
890 1921 1081 1997 pertinuerint
1102 1918 1303 1998 disputauerit.

315 2020 448 2079 Alterum
470 2021 576 2081 librum
598 2041 684 2101 quem
704 2021 759 2080 sibi
775 2022 858 2098 fingit
872 2022 1081 2102 Bernhardyus
1095 2023 1301 2097 histrionicum,

231 2127 282 2202 qui
305 2123 341 2182 de
369 2135 432 2184 arte
458 2136 487 2184 et
516 2128 602 2186 rebus
625 2127 794 2186 histrionum
824 2131 912 2204 gestis
941 2131 1045 2204 egerit,
1076 2148 1113 2188 ex
1135 2129 1303 2206 fragmentis

230 2248 289 2289 non
312 2229 417 2301 elicias,
446 2251 514 2291 nam
544 2230 580 2290 de
601 2232 673 2290 Polo
695 2231 841 2310 disputata
868 2236 973 2312 quouis
994 2234 1051 2292 alio
1073 2233 1137 2292 loco
1160 2236 1303 2293 exstitisse

231 2345 360 2415 possunt.
406 2335 493 2412 Quod
522 2346 619 2396 autem
650 2337 716 2396 huic
748 2337 822 2397 libro
855 2339 986 2398 attribuit
1014 2339 1102 2398 schol.
1126 2339 1215 2420 Vesp.
1240 2347 1300 2403 579

229 2440 403 2519 Symmacho
425 2441 554 2501 debetur.

315 2546 443 2606 Dubium
466 2558 562 2606 autem
585 2557 628 2606 est
649 2568 708 2627 quo
730 2547 787 2607 duo
815 2548 881 2606 libri
903 2552 1081 2625 grammatici
1102 2550 1303 2611 Eratosthenis
1329 2633 1331 2636 Ι

230 2651 374 2710 referendi
396 2656 462 2725 siut,
486 2674 609 2732 quorum
631 2657 712 2713 testis
735 2664 778 2713 est
800 2654 889 2714 Olem.
905 2655 991 2713 Alex.
1015 2656 1030 2714 I
1054 2662 1113 2718 365
1129 2656 1163 2714 Ρ.
1195 2652 1303 2716 Ἀπολ-

230 2754 361 2838 λόδωρος
389 2755 422 2816 δὲ
451 2757 467 2817 ὃ
488 2761 630 2837 Κυμαῖος
660 2768 779 2841 πρῶτος
800 2769 855 2820 τοῦ
875 2767 1010 2839 spartaco
1032 2759 1210 2840 εἰσηγήσατο
1232 2761 1302 2821 τοῦ-

230 2881 308 2939 νομα
330 2861 380 2920 καὶ
408 2863 617 2944 γραμματικὸς
638 2865 878 2946 προσηγορεύθη.
922 2854 1019 2924 ’Ένιοι
1042 2863 1075 2924 δὲ
1096 2863 1303 2948 ’Ἐρατοσθένη

230 2965 283 3025 τὸν
304 2966 480 3048 Κυρηναῖον
502 2989 582 3049 pact,
610 2965 711 3048 ἐπειδὴ
734 2968 873 3041 ἐξέδωκεν
895 2961 981 3041 οὗτος
1000 2970 1106 3048 βιβλία
1128 2970 1182 3031 δύο
1204 2993 1301 3053 γραμ-

231 3072 345 3150 ματικὰ
368 3071 547 3155 ἐπιγράψας.
589 3075 709 3134 Frustra
730 3076 837 3134 Bernh.
861 3098 889 3153 p.
914 3076 955 3134 X.
1000 3076 1177 3136 Clementem
1199 3080 1303 3136 erroris

165 3157 167 3160 Ι
230 3179 386 3258 insimulat,
398 3200 465 3238 nam
480 3182 682 3256 grammaticae
694 3179 822 3240 definitio
836 3180 938 3263 (schol.
951 3181 1074 3259 Dionys.
1088 3181 1193 3241 Thrac.
1206 3181 1300 3240 Bekk.

230 3283 288 3343 An.
310 3305 338 3361 p.
366 3289 435 3349 725.
471 3285 584 3345 Villois.
608 3286 665 3344 An.
690 3287 741 3348 Gr.
763 3287 795 3345 II
822 3285 893 3368 172)
924 3284 999 3345 ὅθεν
1026 3287 1079 3346 οὐκ
1109 3287 1169 3346 ἀπὸ
1190 3295 1304 3347 σκοποῦ

230 3387 280 3447 καὶ
304 3388 408 3470 (φησὶν
431 3387 447 3448 ὁ
468 3390 561 3471 σοφὸς
577 3391 706 3473 Villois.)
729 3388 950 3472 Ἐρατοσθένης
964 3387 1030 3472 ἔφη,
1047 3391 1092 3452 ὅτι
1107 3392 1301 3473 γραμματική

231 3494 311 3555 ἔστιν
341 3492 401 3566 ἵξις
430 3495 576 3573 παντελὴς
605 3492 635 3555 ἐν
661 3495 828 3577 γράμμασι,
857 3495 1021 3578 γράμματα
1048 3499 1148 3557 καλῶν
1169 3497 1208 3556 τὰ
1229 3519 1301 3577 ocy-

144 3665 152 3676 ,
231 3598 398 3681 γράμματα
419 3602 519 3679 procul
541 3601 630 3660 dubio
652 3621 689 3659 ex
710 3601 756 3660 his
775 3602 856 3660 libris
870 3605 1061 3679 grammaticis
1077 3602 1228 3683 desumpta
1243 3613 1301 3679 θεῖς

232 3725 319 3785 quam
341 3726 392 3764 cur
413 3706 520 3765 Bernh.
542 3709 680 3786 prooemio
703 3710 796 3788 operis
819 3730 851 3769 π.
866 3729 894 3774 κ.
916 3709 1055 3767 attribuat
1076 3731 1135 3768 non
1154 3729 1301 3789 assequor.

231 3811 352 3870 Eisdem
382 3811 464 3871 libris
492 3815 684 3889 g1·ammaticis
713 3812 812 3871 deberi
839 3832 950 3885 censeo,
976 3814 1164 3893 queeVarro
1187 3813 1302 3873 deser·

231 3936 317 3976 mone
337 3916 426 3976 latino
449 3917 627 3998 (Wilmauns
648 3939 677 3997 p.
700 3925 766 3979 190.
808 3917 936 3978 Gramm.
960 3917 1009 3976 lat.
1032 3918 1103 3976 Keil
1118 3923 1157 3981 IV
1179 3941 1208 4000 p.
1227 3921 1301 4001 530)

233 4041 270 4080 ex
290 4023 485 4082 Eratosthene
514 4024 596 4083 affert
627 4024 719 4103 „hanc
741 4026 820 4106 enirn
841 4023 891 4104 (sc.
914 4022 1032 4104 flexam)
1061 4024 1136 4084 flecti
1164 4045 1223 4084 non
1244 4045 1303 4084 uno

231 4125 317 4187 modo
347 4149 446 4188 omnes
475 4138 666 4209 putauerunt,
693 4128 900 4187 Eratosthenes
927 4147 963 4187 ex
993 4139 1075 4208 parte
1102 4133 1199 4209 priore
1219 4139 1304 4189 acuta
