2984 4740
598 280 809 344 ‚29-

245 453 299 510 19.
311 451 350 512 L.
378 448 557 508 Athen.v11
573 455 657 512 ersa
678 445 714 510 Ὁ
728 446 761 509 δὲ
776 450 979 526 ὀψοδαίδαλος
997 449 1234 536 Ἀρχέστρα-

157 574 225 624 τος
254 550 285 612 ἓν
313 558 352 636 τῇ
373 553 578 639 Γαστρολογίᾳ
608 552 717 634 (ούτως
737 553 795 636 γδιρ
817 553 1044 638 ἐπιγράφεσθαί
1065 577 1138 638 φησι
1160 560 1235 618 Λυ-

160 656 283 741 κόφρων
304 656 335 718 ἓν
356 665 419 732 τοῖς
441 658 509 742 περὶ
530 658 699 742 κωμῳδίας,
724 659 765 732 ὡς
787 660 842 739 τὴν
862 661 1078 740 Κλεοστράτου
1100 671 1155 723 τού
1175 667 1234 724 Τε-

162 763 257 824 νεδίου
281 761 505 848 Ἀστρολογίαν)
535 765 603 848 περὶ
635 772 689 844 τῆς
718 765 810 845 ἀμίας
839 765 931 848 φησίν
952 789 979 827 κ.
988 789 1016 828 τ.
1025 769 1052 827 λ.
1097 767 1141 828 Of.
1163 767 1235 828 ibid.

159 869 208 929 111
226 869 321 943 1045,
346 871 391 930 IV
411 870 507 946 teth,
530 871 562 930 X
582 878 679 933 4570.
723 871 814 934 Dubii
836 879 918 929 erent
939 867 977 929 de
996 871 1083 932 huius
1102 876 1236 933 eenninis

158 976 347 1055 inscriptione
367 975 402 1035 ef.
426 977 536 1037 Athen.
558 981 573 1040 I
596 983 625 1049 4,
645 994 670 1039 e.
1196 985 1198 990 ’

243 1189 300 1249 20.
325 1183 398 1247 *Εκ
442 1183 538 1245 schol.
553 1187 643 1269 Vesp.
665 1193 736 1251 855.
772 1182 1049 1267 Ἀρυστίχους·
1073 1187 1235 1268 ἀρύστιχος

155 1289 208 1348 καὶ
237 1289 361 1372 άρυστις
389 1289 439 1349 καὶ
469 1290 615 1374 ἀρυστήρ.
662 1288 794 1373 Ἀγγεΐύν
822 1291 904 1354 ἐστιν
925 1279 949 1376 ᾧ
983 1285 1058 1374 (οἷον
1078 1292 1122 1374 V)
1153 1289 1234 1354 ihm

155 1391 344 1476 ἀρύσασθαι,
376 1389 452 1478 (οἷον
479 1395 569 1477 addo)
599 1397 710 1477 κοτύλη
738 1395 758 1476 ἢ
787 1397 913 1469 κύαθος.
959 1396 988 1458 Ε
993 1391 1057 1476 ῖχον
1085 1395 1122 1458 δέ
1141 1418 1234 1479 φησιν

155 1501 266 1572 αύτούς
280 1489 418 1582 (Ἄλλως.
449 1498 527 1582 Ἐγὼ
541 1502 599 1585 γὰρ
614 1495 693 1581 εἶχον
708 1499 762 1574 ἕως
776 1510 832 1563 τοῦ
845 1503 1009 1584 ἀρυστίχου
1019 1502 1072 1584 V.)
1088 1503 1163 1583 πρὸς
1177 1503 1233 1582 τὴν

155 1605 351 1687 διαψήφισιν.
391 1602 585 1687 Ἀρυστίχους
613 1604 646 1668 δὲ
674 1607 724 1680 οὓς
746 1606 837 1668 ἐνίοτε
860 1607 1062 1679 κοτυλίσκους.
1106 1597 1230 1680 Ἄλλως.

163 1707 354 1793 ’ἀρυστίχους
385 1712 455 1784 τοὺς
483 1712 634 1792 οἰνοχόους
667 1713 737 1794 (leg.
769 1713 825 1786 τὰς
845 1707 994 1795 σίνοχύας)
1025 1711 1141 1795 εἴρηκεν
1169 1713 1231 1774 ἀπὸ

155 1824 211 1877 τοῦ
232 1817 349 1897 ἀρύειν·
379 1813 468 1878 ἔνθεν
489 1818 539 1878 καί
562 1819 720 1902 ἀρύταινα.
764 1819 923 1899 Sequentia
943 1819 1033 1878 elium
1057 1819 1166 1879 iontem
1188 1839 1231 1879 re·

154 1923 254 1982 dolent
275 1925 311 1982 of.
334 1923 442 1983 Athen.
467 1924 499 1983 X
522 1929 593 2006 424,
609 1945 634 1984 e.

242 2030 311 2088 Hes.
328 2028 523 2110 ἀρυστίχους·
540 2028 595 2101 τὰς
609 2028 743 2109 οἰνοχόας
759 2021 821 2089 οἷον
834 2028 970 2105 κοτύλας,
983 2028 1042 2089 ἀπὸ
1053 2029 1230 2111 teodorico,

154 2130 245 2194 ἐνθεν
255 2133 305 2193 καὶ
319 2133 338 2213 ἢ
350 2133 509 2216 ἀρύταινα.
537 2133 602 2215 (Τὰ
613 2132 646 2195 δὲ
657 2134 736 2195 αὐτὰ
747 2133 797 2194 καὶ
808 2134 981 2217 ἀρυστῆρας
991 2133 1040 2194 καί
1051 2133 1231 2216 ἀρυστίχους

154 2237 280 2299 ἐκάλουν
300 2259 337 2300 ex
358 2239 454 2318 glossa
475 2240 615 2323 ἀρύστεις
636 2241 693 2300 hue
712 2239 831 2320 refero.)
860 2231 986 2321 Ἔλεγον
1000 2236 1033 2300 δι’
1048 2239 1098 2299 καὶ
1117 2235 1231 2322 ἔφηβον

154 2344 190 2405 τὸ
212 2349 348 2405 τοιοῦτον
370 2353 484 2417 σκεῦος.
527 2347 601 2410 Poll.
625 2346 670 2406 VI
696 2352 732 2408 19
756 2344 805 2426 (of.
828 2345 861 2406 X
886 2344 939 2426 75)
970 2343 1031 2428 ὅτῳ
1059 2341 1092 2405 δὲ
1114 2343 1130 2405 ὅ
1153 2338 1231 2418 οἶνος

153 2449 295 2536 ἀρύεται,
325 2449 478 2532 ἀρυστήρ,
509 2451 680 2534 ἀρύστιχος.
726 2451 770 2515 Of.
793 2450 828 2510 Β.
851 2453 909 2512 An.
935 2455 984 2524 27,
1002 2456 1052 2515 ³0.
1082 2456 1154 2526 448,
1172 2457 1230 2520 29.

152 2557 202 2616 Et.
226 2556 268 2615 M.
296 2563 364 2630 151,
383 2561 409 2619 2.
453 2557 535 2618 Suid.
578 2558 780 2618 Eratosthenis
802 2557 1009 2618 onomastioum
1032 2558 1122 2635 sepio.

196 2766 254 2824 21.
269 2764 324 2824 Er.
352 2760 447 2822 Sohol.
461 2761 550 2842 Vesp.
567 2769 655 2826 1191.
727 2763 798 2843 Hes.
841 2756 999 2842 Ἕφωδίων
1033 2759 1110 2841 (-ιον
1143 2759 1231 2842 eod.)·

156 2863 354 2952 Ἀσκώνδᾳ
372 2868 479 2938 καλῶς.
513 2867 557 2928 Τὸ
566 2889 598 2946 χ,
610 2865 657 2927 ὅτι
726 2862 948 2948 Ἐρατοσθένης
959 2864 1010 2926 διὰ
1025 2872 1080 2925 τού
1101 2861 1230 2948 ἱἘφω-

152 2972 221 3052 περὶ
253 2980 308 3035 τοῦ
344 2968 543 3055 Ἐφουδίωνος
576 2971 656 3054 (περὶ
727 2970 799 3032 τίων
833 2975 910 3052 ί-ιον
941 2970 1020 3052 cod.)
1053 2969 1232 3053 ἀναγράφει,

152 3073 255 3158 ἓτίρου
298 3077 404 3151 δίιονος
444 3079 486 3162 V)
530 3078 657 3158 ἀληθῶς
727 3075 901 3138 Μαινάλιον
933 3075 1138 3157 περιοδονίκην
1167 3076 1231 3158 (So-

154 3182 276 3265 ἱστορεῖ.
311 3179 435 3256 Ἄλλως.
470 3177 543 3268 ,Ὅτι
565 3205 655 3243 κατε·
725 3185 804 3264 ping.
824 3180 954 3264 μίναλορ
969 3181 1139 3264 περιοδικδν
1152 3181 1232 3266 eod.)

127 3288 318 3374 Υφευσμίνοι
349 3289 470 3372 (Bernh.
500 3303 655 3369 κατεψυγ-
725 3287 981 3369 παγκρατιαστήν.
996 3283 1231 3365 ὉδὲΠολίμων

152 3399 236 3481 μίνοι
264 3400 328 3460 eod.
358 3397 592 3480 κατεψυγμίνεος
614 3399 655 3481 V)
725 3399 776 3461 διὰ
798 3408 852 3461 τοῦ
879 3385 907 3460 δ.

153 3512 312 3594 φαίνονται
334 3502 416 3571 οὗτοι
446 3509 686 3592 παγκρατιασταί
716 3507 762 3570 ἐπὶ
793 3510 909 3597 παιδιᾷ.
951 3506 987 3571 Ὁ
1008 3506 1041 3570 δὲ
1058 3505 1230 3580 Ἀσκώνδοις

152 3617 203 3678 καὶ
227 3615 257 3688 ἔξ
279 3617 373 3676 αὐτοῦ
394 3625 448 3677 τοῦ
470 3614 625 3694 ὀνόματος.
670 3615 711 3677 Εἰ
730 3614 774 3695 μὴ
795 3616 856 3695 ἀρα
876 3611 1075 3696 δἘφουδίων
1090 3613 1151 3675 ἔστί
1167 3613 1183 3674 ὁ
1199 3613 1231 3674 ἓν

153 3729 221 3794 ταῖς
242 3721 405 3801 ἀλυμντιάσι
428 3720 590 3804 φερόμενος
611 3717 779 3804 Ἐφουδίων
802 3720 973 3792 Μαινάλιος
999 3715 1061 3781 oe‘.

241 3827 329 3910 Operi
358 3845 399 3892 ιτ.Ι
414 3850 442 3887 κ.
474 3827 579 3901 tribuo,
612 3847 676 3885 cum
709 3826 844 3887 ficticium
877 3844 983 3885 nomen
1011 3824 1166 3885 Asooudee
1198 3826 1229 3884 in

154 3935 355 3994 Eratosthenis
387 3933 613 4010 ἀλυμπιονίκαις
649 3933 794 3992 exstitisse
825 3934 877 3991 uix
909 3930 1060 4012 probabile
1093 3931 1138 3989 sit.
1184 3928 1227 3990 cf.

154 4040 261 4100 Bernh.
294 4041 365 4118 frag.
393 4040 488 4113 XXI,
519 4063 549 4119 p.
576 4044 646 4102 252.
691 4037 813 4111 Preller‚
847 4035 909 4096 Pol.
940 4059 968 4116 p.
995 4043 1045 4100 95.
1086 4033 1226 4108 Schmidt,

154 4145 224 4206 Did.
247 4168 275 4224 p.
301 4153 350 4208 55.
