2984 4740
507 285 770 348 ·—45-

130 450 200 512 Ran.
218 457 284 524 131,
308 453 398 531 Vesp.
419 456 497 514 1203
520 452 556 512 ad
579 455 781 534 Euphronium
804 465 949 516 auctorem
970 454 1121 516 referenda
1142 457 1200 514 sint

130 552 259 614 dubitare
279 556 353 615 licet.

210 768 264 828 65.
286 769 345 828 Eu.
389 765 485 825 Sehol.
516 767 606 847 Vesp.
637 775 709 834 674.
742 807 781 817 -
812 767 864 832 Ἐκ
894 770 1103 851 κηθαριάυ.
1152 768 1200 829 Τὰ

128 867 272 930 ἐκπέταλα
294 870 439 952 τρύβλια,
469 869 489 930 ἃ
511 871 680 954 Εὐφρόνιος
701 875 800 953 κήθια
821 874 899 955 (som
923 873 987 934 ε’κπ.
1011 877 1135 956 τρυβλ,
1159 874 1200 946 ὡς

127 975 216 1057 Εὐφ,
240 977 279 1037 τὰ
300 974 400 1056 κη’θ.).
438 977 561 1056 Μικρὸν
584 973 636 1039 οὖν
657 974 807 1062 ῥοφοῦντα
829 978 862 1038 ἐκ
883 979 1027 1060 τρυβλιόυ
1048 981 1098 1040 καὶ
1119 1002 1198 1061 τρω-

125 1079 290 1160 γαλίζοντα,
315 1074 376 1142 οἷον
397 1080 532 1159 κυάμους
549 1085 599 1143 καὶ
622 1083 677 1145 όσσ
699 1093 834 1146 τοιαῦτα.
855 1082 860 1169 1
885 1085 949 1146 Οὐκ
972 1081 1034 1146 ἔστι
1056 1082 1089 1145 (λε’
1111 1084 1198 1167 (τρό-

123 1185 231 1267 βλιον),
263 1181 330 1246 ἀλλ’
361 1188 476 1267 ἀγγεῖον
505 1189 642 1267 πλεκτόν,
672 1191 713 1263 εἰς
741 1191 758 1251 ὃ
780 1189 835 1261 τὰς
856 1189 980 1272 ψήφους
1002 1193 1140 1265 καθιᾶσι,
1163 1191 1199 1250 τὸ

124 1291 243 1370 κήθιον,
275 1281 336 1352 οἷον
358 1290 426 1376 [ὡς]
456 1294 516 1354 ἀπὸ
537 1304 592 1356 τοῦ
613 1301 808 1378 ψηφηφορεῖν
836 1288 902 1376 (οὖν
918 1295 961 1376 V)
982 1294 1084 1375 μόνον.
1131 1295 1196 1355 Καὶ

124 1399 236 1478 Χαῖρις
264 1394 297 1456 δὲ
318 1397 354 1456 τό
375 1397 486 1476 κήθιον
508 1403 650 1482 τρυβλίαυ
673 1423 702 1461 τι
724 1394 817 1476 εἶδος,
836 1399 893 1460 Ικαὶ
916 1401 951 1461 τὸ
972 1399 1140 1481 λαμαρίζειν
1161 1400 1196 1460 τὸ

123 1499 335 1583 ἀποτριόγοντα
365 1503 519 1584 θηλάζειν.
548 1503 554 1589 l
584 1505 715 1584 Μήποτε
744 1503 845 1583 μέντοι
875 1505 925 1565 καὶ
955 1505 1029 1587 πρὸς
1056 1506 1111 1584 τῆν
1135 1515 1196 1566 τῶν

123 1606 223 1683 κύβιον
245 1607 369 1668 παιδιὰν
391 1608 501 1688 ὁμοίιος
522 1609 654 1693 ἐχρῶντό
676 1632 734 1670 τινι
755 1610 917 1689 βάλλοντες
940 1608 969 1683 ἐξ
991 1611 1094 1672 αὐτοῦ.
1129 1610 1195 1670 Καὶ

122 1713 177 1796 γὰρ
196 1707 366 1795 Ἕρμιππος
387 1713 418 1774 ἐν
443 1715 531 1786 Θεοῖς
556 1714 568 1799 ΙΙ
593 1715 659 1776 Καὶ
687 1716 761 1798 πρὸς
783 1717 893 1794 κύβους
915 1705 1016 1795 ἕστηκ’
1049 1712 1125 1793 ἔχων
1147 1716 1196 1796 (τὸ

121 1817 185 1880 add.
209 1820 307 1902 Pors.)
330 1819 441 1899 κήθιον
460 1818 483 1904 ή,
503 1821 538 1880 τὸ
560 1817 593 1881 δὲ
614 1819 830 1902 λαγαρίζεσθαι
854 1819 953 1904 ἕτερόν
975 1843 1004 1881 τι
1027 1817 1119 1881 ἔοικεν
1141 1820 1195 1899 ε’μ-

122 1925 246 2006 φαίνειν.
301 1925 504 2007 ,Φερεκράτης
546 1924 873 2008 Μυρμηκανθρώποις.
924 1928 1013 2004 Fmg.
1053 1946 1126 2000 com,
1162 1926 1195 1986 11

123 2037 192 2096 313.
218 2037 290 2093 391.

204 2247 260 2305 66.
283 2246 337 2305 Εν.
376 2241 684 2305 seh01.E1u.Tr0a‹l.
707 2250 795 2306 1175.
815 2235 869 2303 Ὅν
884 2238 969 2302 πόλλ’
993 2240 1192 2320 ε’κήπευσε.

117 2349 228 2426 Κῆπος
257 2355 367 2428 κουρᾶς
396 2341 482 2423 εἶδος,
512 2345 548 2426 ῆν
571 2344 598 2408 οἱ
620 2346 784 2430 κειρόμενοι
807 2334 1016 2426 διεβάλλοντο·
1050 2346 1192 2424 κατελίμ-

117 2475 209 2514 πανον
243 2451 276 2512 δὲ
305 2452 360 2524 τὰς
387 2449 447 2525 ΐξω
476 2461 530 2530 τῆς
558 2455 690 2534 κεφαλῆς
719 2453 785 2533 περὶ
814 2453 854 2512 τὰ
883 2452 961 2534 άκρα
984 2450 1098 2532 τρίχας.
1147 2452 1194 2512 Οὐ
1256 2471 1261 2482 “

117 2559 260 2640 κέχρηται
290 2553 341 2620 οὖν
369 2563 557 2640 μεταφοραῖς
585 2557 601 2617 ὁ
631 2557 807 2637 Εὐριπίδης,
836 2558 913 2618 ἀλλὰ
942 2558 977 2617 τὸ
1005 2564 1058 2634 τῆς
1084 2565 1193 2638 κουρᾶς

117 2657 192 2736 εἶδος
216 2663 389 2724 αἰνίττεται.
431 2663 537 2735 Οὕτως
558 2661 575 2722 ό
596 2659 828 2744 Ἐρατοσθένης.
867 2662 913 2724 Οὐ
931 2663 988 2744 γὰρ
1011 2663 1089 2733 ἀξιοῖ
1100 2683 1191 2739 μετα-

117 2770 213 2853 φορὰν
237 2763 321 2830 ε1ναι.
358 2765 455 2850 Λόγει
478 2763 538 2844 οὖν,
562 2765 664 2830 όντινα
681 2766 851 2850 βόστρυχον
871 2776 965 2857 κῆπον
988 2765 1090 2848 ἔκειρε.
1129 2767 1192 2846 Τήν

116 2876 259 2955 τοιαύτην
281 2873 313 2935 όὲ
335 2874 446 2957 κουρὰν
467 2876 589 2934 καλοῦσι
610 2882 714 2952 κῆπον.
745 2863 868 2945 Ἄλλως.
902 2872 999 2934 Κατά
1020 2895 1104 2944 τινας
1126 2872 1190 2933 ἐπι-

115 2982 235 3058 μελείας
264 2981 395 3059 ήξίωσεν,
425 2978 637 3061 ἐθεράπευσεν,
662 2967 706 3038 ’ἶν’
731 2969 750 3063 ᾖ
771 2977 938 3060 μεταφορά.
975 2969 1065 3040 ’Ἐστι
1086 2975 1119 3038 δὲ
1140 2977 1191 3038 καὶ

116 3079 192 3158 ε1ι1ος
215 3095 325 3168 κουρᾶς
346 3086 362 3147 ό
387 3093 490 3165 κῆπος,
513 3073 537 3169 ᾧ
559 3082 586 3146 οἱ
605 3083 756 3166 χρώμεναι
777 3083 986 3163 διεβάλλοντο·
1009 3083 1190 3162 κατελίμπα-

116 3213 164 3252 νον
186 3189 220 3252 ὄὲ
237 3191 291 3262 τὰς
308 3187 367 3265 ἔξω
389 3201 442 3270 τῆς
464 3194 596 3273 κεφαλῆς
617 3191 731 3274 τρίχας.
765 3192 833 3252 Νῦν
854 3183 907 3250 οὖν
928 3188 944 3249 ὁ
966 3187 1132 3269 Εὐριπίδης
1155 3188 1190 3248 τὸ

116 3289 192 3370 εἶδος
214 3305 268 3375 τῆς
287 3305 396 3380 κουρᾶς
418 3297 619 3380 (αἷνίττεται),
643 3296 684 3369 ὡς
705 3296 755 3356 καὶ
773 3287 997 3376 Ἐρατοσθένης
1018 3292 1103 3374 λέγει.

201 3402 361 3467 Schol.Av.
371 3409 430 3466 806
441 3402 550 3486 (Suid.)
576 3396 821 3484 Ἀποτετιλμένφ.
853 3390 935 3462 'Arri
950 3406 1004 3460 τοῦ
1019 3400 1187 3482 ἀποκεκαρ-

114 3506 203 3592 μένηι.
249 3507 315 3568 [mo
335 3505 368 3568 (λε’
383 3505 453 3587 ἐἴδη
475 3517 601 3589 κουρᾶς,
622 3507 751 3589 σκαφίον
773 3505 823 3566 καὶ
845 3513 947 3584 κῆπος.
995 3505 1040 3566 Τὸ
1061 3502 1116 3583 μὲν
1136 3499 1189 3566 οὖν

115 3613 243 3696 σκαφίον
272 3615 307 3674 τὸ
336 3613 366 3677 ἓν
392 3616 458 3697 χρῷ
486 3614 543 3698 (τῷ
565 3612 669 3696 ἐχθρῷ
691 3613 743 3694 V),
766 3611 783 3672 ὁ
804 3608 838 3672 ιλὲ
860 3618 953 3689 κῆπος
975 3610 1010 3672 τὸ
1030 3632 1188 3692 προμετω-

115 3719 205 3803 πιδιίρ
227 3719 349 3801 (Bernh.
372 3721 415 3803 τιξ
437 3717 626 3802 προμετιόπῳ
646 3719 683 3781 V.
706 3716 789 3783 Suid.
819 3716 854 3778 τὸ
879 3716 937 3798 πρὸ
957 3713 1099 3793 μετώπου
1119 3716 1186 3798 rel.)

114 3827 322 3904 κεκοσμῆσθαι
349 3823 581 3906 (κεκοσμημένος
604 3824 654 3906 V).

199 3933 285 3992 Phot.
304 3933 423 4010 ,Κῆπος.
462 3930 572 4011 Κουρά
594 3952 639 4002 τις
661 3929 707 3990 ἐπὶ
730 3928 933 4011 καλλωπισμῷ
954 3924 1184 4005 ὄιαβαλλομένη.

201 4039 268 4100 Hes.
293 4037 444 4119 Σκαφόσν·
467 4073 509 4084 -
536 4036 586 4097 καὶ
609 4029 686 4106 εἶδος
714 4043 824 4116 κουρᾶς
846 4042 900 4112 τῆς
921 4035 1063 4114 κεφαλῆς,
1086 4031 1102 4092 ό
1123 4032 1185 4092 κεί-

116 4125 227 4223 ρεσθαί
256 4165 330 4225 φασι
362 4144 417 4215 τὰς
449 4138 720 4227 ἕταιρευ[ν]οάσας.
772 4133 861 4200 Εἶναι
894 4135 927 4199 ιλὲ
960 4135 1184 4219 περιτρόχαλον.
