<?xml version="1.0" encoding="UTF-8"?>
<!DOCTYPE html PUBLIC "-//W3C//DTD XHTML 1.0 Transitional//EN"
    "http://www.w3.org/TR/xhtml1/DTD/xhtml1-transitional.dtd">
<html xmlns="http://www.w3.org/1999/xhtml" xml:lang="en" lang="en">
 <head>
  <title>
</title>
<meta http-equiv="Content-Type" content="text/html;charset=utf-8" />
  <meta name='ocr-system' content='tesseract 3.04.00' />
  <meta name='ocr-capabilities' content='ocr_page ocr_carea ocr_par ocr_line ocrx_word'/>
</head>
<body>
  <div class='ocr_page' id='page_1' title='image "./delycophroneeup01stregoog_0044.png"; bbox 0 0 2984 4740; ppageno 0'>
   <div class='ocr_carea' id='block_1_1' title="bbox 594 277 807 341">
    <p class='ocr_par' dir='ltr' id='par_1_1' title="bbox 594 277 807 341">
     <span class='ocr_line' id='line_1_1' title="bbox 594 277 807 341; baseline 0.005 -18"><span class='ocrx_word' id='word_1_1' title='bbox 594 277 807 341; x_wconf 67' lang='lat'><strong>..37-</strong></span> 
     </span>
    </p>
   </div>
   <div class='ocr_carea' id='block_1_2' title="bbox 162 443 1236 822">
    <p class='ocr_par' dir='ltr' id='par_1_2' title="bbox 162 443 1236 822">
     <span class='ocr_line' id='line_1_2' title="bbox 163 443 1234 530; baseline 0.007 -27"><span class='ocrx_word' id='word_1_2' title='bbox 163 443 274 522; x_wconf 85' lang='grc' dir='ltr'><em>ὁμοίως</em></span> <span class='ocrx_word' id='word_1_3' title='bbox 296 453 334 528; x_wconf 80' lang='grc' dir='ltr'><em>τῇ</em></span> <span class='ocrx_word' id='word_1_4' title='bbox 356 453 442 529; x_wconf 83' lang='grc' dir='ltr'><em>φωνῇ</em></span> <span class='ocrx_word' id='word_1_5' title='bbox 463 447 531 528; x_wconf 90' lang='lat' dir='ltr'>rel.)</span> <span class='ocrx_word' id='word_1_6' title='bbox 561 447 594 507; x_wconf 79' lang='lat' dir='ltr'><em>Si</em></span> <span class='ocrx_word' id='word_1_7' title='bbox 607 447 798 527; x_wconf 86' lang='lat' dir='ltr'>Bernhardyo</span> <span class='ocrx_word' id='word_1_8' title='bbox 814 448 898 529; x_wconf 76' lang='lat' dir='ltr'>(hag</span> <span class='ocrx_word' id='word_1_9' title='bbox 910 449 1032 530; x_wconf 88' lang='lat' dir='ltr'>XVIII)</span> <span class='ocrx_word' id='word_1_10' title='bbox 1048 448 1234 510; x_wconf 80' lang='lat' dir='ltr'>concederem</span> 
     </span>
     <span class='ocr_line' id='line_1_3' title="bbox 163 550 1235 636; baseline 0.005 -26"><span class='ocrx_word' id='word_1_11' title='bbox 163 550 366 630; x_wconf 77' lang='lat' dir='ltr'><strong>Lycophronis</strong></span> <span class='ocrx_word' id='word_1_12' title='bbox 398 555 564 612; x_wconf 74' lang='lat' dir='ltr'>memoriam</span> <span class='ocrx_word' id='word_1_13' title='bbox 597 572 649 632; x_wconf 90' lang='lat' dir='ltr'><em>per</em></span> <span class='ocrx_word' id='word_1_14' title='bbox 677 553 769 612; x_wconf 88' lang='lat' dir='ltr'>solum</span> <span class='ocrx_word' id='word_1_15' title='bbox 798 554 1018 614; x_wconf 80' lang='lat' dir='ltr'>Eratosthenem</span> <span class='ocrx_word' id='word_1_16' title='bbox 1049 564 1235 636; x_wconf 74' lang='lat' dir='ltr'>propagatam</span> 
     </span>
     <span class='ocr_line' id='line_1_4' title="bbox 163 657 1236 740; baseline 0.004 -24"><span class='ocrx_word' id='word_1_17' title='bbox 163 676 235 729; x_wconf 82' lang='lat' dir='ltr'>esse,</span> <span class='ocrx_word' id='word_1_18' title='bbox 266 660 362 738; x_wconf 89' lang='lat' dir='ltr'>potius</span> <span class='ocrx_word' id='word_1_19' title='bbox 393 658 525 719; x_wconf 76' lang='lat' dir='ltr'>lacunam</span> <span class='ocrx_word' id='word_1_20' title='bbox 557 668 623 739; x_wconf 86' lang='lat' dir='ltr'>post</span> <span class='ocrx_word' id='word_1_21' title='bbox 644 657 824 740; x_wconf 75' lang='grc' dir='ltr'><em>Λυκόφρων</em></span> <span class='ocrx_word' id='word_1_22' title='bbox 856 668 1020 718; x_wconf 82' lang='lat' dir='ltr'>statuerem.</span> <span class='ocrx_word' id='word_1_23' title='bbox 1065 659 1123 720; x_wconf 83' lang='lat' dir='ltr'><em>Sed</em></span> <span class='ocrx_word' id='word_1_24' title='bbox 1156 659 1236 720; x_wconf 86' lang='lat' dir='ltr'>locus</span> 
     </span>
     <span class='ocr_line' id='line_1_5' title="bbox 162 772 325 822; baseline 0 0"><span class='ocrx_word' id='word_1_25' title='bbox 162 782 251 822; x_wconf 83' lang='lat' dir='ltr'>sanus</span> <span class='ocrx_word' id='word_1_26' title='bbox 273 772 325 822; x_wconf 87' lang='lat' dir='ltr'>est.</span> 
     </span>
    </p>
   </div>
   <div class='ocr_carea' id='block_1_3' title="bbox 250 865 1234 952">
    <p class='ocr_par' dir='ltr' id='par_1_3' title="bbox 250 865 1234 952">
     <span class='ocr_line' id='line_1_6' title="bbox 250 865 1234 952; baseline 0.002 -24"><span class='ocrx_word' id='word_1_27' title='bbox 250 868 293 928; x_wconf 81' lang='lat' dir='ltr'><em>Cf.</em></span> <span class='ocrx_word' id='word_1_28' title='bbox 318 869 387 928; x_wconf 86' lang='lat' dir='ltr'>Hes.</span> <span class='ocrx_word' id='word_1_29' title='bbox 422 865 585 942; x_wconf 77' lang='grc' dir='ltr'><em>Ἐπισόξαι·</em></span> <span class='ocrx_word' id='word_1_30' title='bbox 610 869 788 951; x_wconf 70' lang='grc' dir='ltr'><strong><em>ἐφορμῆσαι.</em></strong></span> <span class='ocrx_word' id='word_1_31' title='bbox 807 867 942 930; x_wconf 82' lang='lat' dir='ltr'>.Ibitlem</span> <span class='ocrx_word' id='word_1_32' title='bbox 963 889 985 930; x_wconf 83' lang='lat' dir='ltr'><em>s,</em></span> <span class='ocrx_word' id='word_1_33' title='bbox 1006 891 1033 928; x_wconf 80' lang='lat' dir='ltr'><em>v,</em></span> <span class='ocrx_word' id='word_1_34' title='bbox 1065 866 1234 952; x_wconf 79' lang='grc' dir='ltr'><em>Ἔπίσιγμα.</em></span> 
     </span>
    </p>
   </div>
   <div class='ocr_carea' id='block_1_4' title="bbox 161 969 1340 1055">
    <p class='ocr_par' dir='ltr' id='par_1_4' title="bbox 161 969 1340 1055">
     <span class='ocr_line' id='line_1_7' title="bbox 161 969 1340 1055; baseline 0.006 -21"><span class='ocrx_word' id='word_1_35' title='bbox 161 969 329 1046; x_wconf 49' lang='lat' dir='ltr'>’Emathiae</span> <span class='ocrx_word' id='word_1_36' title='bbox 359 970 547 1041; x_wconf 78' lang='grc' dir='ltr'><em>Ἐπισίττειν.</em></span> <span class='ocrx_word' id='word_1_37' title='bbox 570 970 759 1055; x_wconf 81' lang='grc' dir='ltr'><em>Ἔπιρύζειν.·</em></span> <span class='ocrx_word' id='word_1_38' title='bbox 779 972 894 1053; x_wconf 85' lang='lat' dir='ltr'>Poll.V</span> <span class='ocrx_word' id='word_1_39' title='bbox 913 981 960 1038; x_wconf 86' lang='lat'><em>10.</em></span> <span class='ocrx_word' id='word_1_40' title='bbox 982 974 1016 1032; x_wconf 91' lang='grc' dir='ltr'><em>Β.</em></span> <span class='ocrx_word' id='word_1_41' title='bbox 1028 976 1086 1036; x_wconf 81' lang='lat' dir='ltr'><em>An.</em></span> <span class='ocrx_word' id='word_1_42' title='bbox 1100 982 1171 1050; x_wconf 78' lang='lat'><em>252,</em></span> <span class='ocrx_word' id='word_1_43' title='bbox 1186 982 1235 1042; x_wconf 82' lang='grc'><em>23.</em></span> <span class='ocrx_word' id='word_1_44' title='bbox 1338 1039 1340 1046; x_wconf 80' lang='grc'>,</span> 
     </span>
    </p>
   </div>
   <div class='ocr_carea' id='block_1_5' title="bbox 161 1079 1235 1256">
    <p class='ocr_par' dir='ltr' id='par_1_5' title="bbox 161 1079 1235 1256">
     <span class='ocr_line' id='line_1_8' title="bbox 161 1079 1235 1161; baseline 0.003 -24"><span class='ocrx_word' id='word_1_45' title='bbox 161 1079 212 1138; x_wconf 83' lang='lat' dir='ltr'><em>Et.</em></span> <span class='ocrx_word' id='word_1_46' title='bbox 236 1079 278 1138; x_wconf 88' lang='lat' dir='ltr'><em>M.</em></span> <span class='ocrx_word' id='word_1_47' title='bbox 304 1085 374 1152; x_wconf 82' lang='lat'><strong>363,</strong></span> <span class='ocrx_word' id='word_1_48' title='bbox 393 1086 442 1147; x_wconf 80' lang='lat'><em>54.</em></span> <span class='ocrx_word' id='word_1_49' title='bbox 486 1079 607 1140; x_wconf 89' lang='lat' dir='ltr'>Pierson</span> <span class='ocrx_word' id='word_1_50' title='bbox 629 1079 666 1139; x_wconf 88' lang='lat' dir='ltr'><em>ad</em></span> <span class='ocrx_word' id='word_1_51' title='bbox 688 1081 873 1145; x_wconf 58' lang='lat' dir='ltr'>Moerslhi.</span> <span class='ocrx_word' id='word_1_52' title='bbox 917 1081 1030 1146; x_wconf 80' lang='lat' dir='ltr'>Nauck,</span> <span class='ocrx_word' id='word_1_53' title='bbox 1054 1081 1143 1141; x_wconf 82' lang='lat' dir='ltr'>Arist.</span> <span class='ocrx_word' id='word_1_54' title='bbox 1165 1087 1235 1161; x_wconf 82' lang='lat' dir='ltr'><strong>Byz.</strong></span> 
     </span>
     <span class='ocr_line' id='line_1_9' title="bbox 168 1182 585 1256; baseline 0.005 -10"><span class='ocrx_word' id='word_1_55' title='bbox 168 1191 236 1248; x_wconf 89' lang='grc'><strong>161.</strong></span> <span class='ocrx_word' id='word_1_56' title='bbox 280 1182 418 1256; x_wconf 81' lang='lat' dir='ltr'>Schmidt,</span> <span class='ocrx_word' id='word_1_57' title='bbox 441 1182 509 1244; x_wconf 90' lang='lat' dir='ltr'>Did.</span> <span class='ocrx_word' id='word_1_58' title='bbox 535 1191 585 1248; x_wconf 81' lang='lat'><em>45.</em></span> 
     </span>
    </p>
   </div>
   <div class='ocr_carea' id='block_1_6' title="bbox 162 1468 1299 2089">
    <p class='ocr_par' dir='ltr' id='par_1_6' title="bbox 162 1468 1299 2089">
     <span class='ocr_line' id='line_1_10' title="bbox 250 1468 1237 1564; baseline 0.001 -22"><span class='ocrx_word' id='word_1_59' title='bbox 250 1487 309 1542; x_wconf 76' lang='lat'><em>44.</em></span> <span class='ocrx_word' id='word_1_60' title='bbox 332 1479 390 1544; x_wconf 73' lang='lat' dir='ltr'><em>*L</em></span> <span class='ocrx_word' id='word_1_61' title='bbox 427 1468 862 1562; x_wconf 74' lang='lat' dir='ltr'>Sch01.Thesmiese(Suid.)</span> <span class='ocrx_word' id='word_1_62' title='bbox 886 1477 1092 1564; x_wconf 80' lang='grc' dir='ltr'><em>(Ἐπισμῇ).</em></span> <span class='ocrx_word' id='word_1_63' title='bbox 1128 1484 1237 1543; x_wconf 86' lang='grc' dir='ltr'><em>Μετα-</em></span> 
     </span>
     <span class='ocr_line' id='line_1_11' title="bbox 163 1577 1238 1669; baseline 0.003 -23"><span class='ocrx_word' id='word_1_64' title='bbox 163 1593 296 1668; x_wconf 83' lang='grc' dir='ltr'><em>φορικῶς</em></span> <span class='ocrx_word' id='word_1_65' title='bbox 326 1585 385 1646; x_wconf 79' lang='grc' dir='ltr'><em>ἀπὸ</em></span> <span class='ocrx_word' id='word_1_66' title='bbox 412 1594 467 1646; x_wconf 84' lang='grc' dir='ltr'><em>τοῦ</em></span> <span class='ocrx_word' id='word_1_67' title='bbox 488 1585 622 1664; x_wconf 78' lang='grc' dir='ltr'><strong><em>σμήχειν,</em></strong></span> <span class='ocrx_word' id='word_1_68' title='bbox 654 1577 715 1645; x_wconf 78' lang='grc' dir='ltr'><em>οἷον</em></span> <span class='ocrx_word' id='word_1_69' title='bbox 737 1583 896 1665; x_wconf 74' lang='grc' dir='ltr'><em>ἐπιτρίβει·</em></span> <span class='ocrx_word' id='word_1_70' title='bbox 931 1587 1066 1669; x_wconf 74' lang='grc' dir='ltr'><em>σφοδρὰν</em></span> <span class='ocrx_word' id='word_1_71' title='bbox 1090 1587 1148 1668; x_wconf 79' lang='grc' dir='ltr'><em>γάρ</em></span> <span class='ocrx_word' id='word_1_72' title='bbox 1170 1611 1238 1649; x_wconf 92' lang='grc' dir='ltr'><em>τινα</em></span> 
     </span>
     <span class='ocr_line' id='line_1_12' title="bbox 163 1669 1237 1776; baseline 0.006 -28"><span class='ocrx_word' id='word_1_73' title='bbox 163 1689 272 1770; x_wconf 82' lang='grc' dir='ltr'><em>τρίψιν</em></span> <span class='ocrx_word' id='word_1_74' title='bbox 305 1689 354 1749; x_wconf 81' lang='grc' dir='ltr'><em>καὶ</em></span> <span class='ocrx_word' id='word_1_75' title='bbox 387 1690 441 1770; x_wconf 83' lang='grc' dir='ltr'><em>τὴν</em></span> <span class='ocrx_word' id='word_1_76' title='bbox 472 1690 578 1768; x_wconf 79' lang='grc' dir='ltr'><em>σμῆξιν</em></span> <span class='ocrx_word' id='word_1_77' title='bbox 612 1669 696 1750; x_wconf 73' lang='grc' dir='ltr'><em>εἶναι.</em></span> <span class='ocrx_word' id='word_1_78' title='bbox 742 1689 830 1768; x_wconf 83' lang='grc' dir='ltr'><em>Τάχα</em></span> <span class='ocrx_word' id='word_1_79' title='bbox 860 1689 894 1752; x_wconf 67' lang='grc' dir='ltr'><em>(λε’</em></span> <span class='ocrx_word' id='word_1_80' title='bbox 925 1692 975 1752; x_wconf 76' lang='grc' dir='ltr'><em>καὶ</em></span> <span class='ocrx_word' id='word_1_81' title='bbox 1003 1693 1058 1772; x_wconf 82' lang='grc' dir='ltr'><em>τὴν</em></span> <span class='ocrx_word' id='word_1_82' title='bbox 1082 1691 1237 1776; x_wconf 79' lang='grc' dir='ltr'><em>ομώιλιγγα</em></span> 
     </span>
     <span class='ocr_line' id='line_1_13' title="bbox 162 1786 1234 1880; baseline 0.007 -28"><span class='ocrx_word' id='word_1_83' title='bbox 162 1793 306 1876; x_wconf 72' lang='grc' dir='ltr'><em>εἰρῆσθαι</em></span> <span class='ocrx_word' id='word_1_84' title='bbox 336 1794 395 1855; x_wconf 79' lang='grc' dir='ltr'><em>ἀπὸ</em></span> <span class='ocrx_word' id='word_1_85' title='bbox 424 1795 541 1856; x_wconf 77' lang='grc' dir='ltr'><em>τούτου.</em></span> <span class='ocrx_word' id='word_1_86' title='bbox 587 1793 741 1878; x_wconf 70' lang='grc' dir='ltr'><em>Διόδωρος</em></span> <span class='ocrx_word' id='word_1_87' title='bbox 772 1786 832 1878; x_wconf 76' lang='grc' dir='ltr'>(δ’)</span> <span class='ocrx_word' id='word_1_88' title='bbox 863 1798 898 1856; x_wconf 87' lang='grc' dir='ltr'><em>ού</em></span> <span class='ocrx_word' id='word_1_89' title='bbox 922 1798 1139 1880; x_wconf 84' lang='grc' dir='ltr'><em>μεταφορικήν,</em></span> <span class='ocrx_word' id='word_1_90' title='bbox 1167 1789 1234 1859; x_wconf 78' lang='grc' dir='ltr'><em>ἀλλ’</em></span> 
     </span>
     <span class='ocr_line' id='line_1_14' title="bbox 164 1895 1238 1983; baseline 0.006 -25"><span class='ocrx_word' id='word_1_91' title='bbox 164 1897 195 1971; x_wconf 73' lang='grc' dir='ltr'><em>ἔξ</em></span> <span class='ocrx_word' id='word_1_92' title='bbox 218 1895 309 1971; x_wconf 68' lang='grc' dir='ltr'><em>ἔθους</em></span> <span class='ocrx_word' id='word_1_93' title='bbox 330 1901 589 1980; x_wconf 77' lang='grc' dir='ltr'><em>γλωσσηματικύν,</em></span> <span class='ocrx_word' id='word_1_94' title='bbox 613 1901 662 1960; x_wconf 82' lang='grc' dir='ltr'><em>καὶ</em></span> <span class='ocrx_word' id='word_1_95' title='bbox 685 1901 727 1980; x_wconf 79' lang='grc' dir='ltr'><em>μὴ</em></span> <span class='ocrx_word' id='word_1_96' title='bbox 749 1895 823 1960; x_wconf 70' lang='grc' dir='ltr'><em>εἶναι</em></span> <span class='ocrx_word' id='word_1_97' title='bbox 839 1900 1001 1983; x_wconf 78' lang='grc' dir='ltr'><em>ἓπιτρίβειν</em></span> <span class='ocrx_word' id='word_1_98' title='bbox 1025 1903 1101 1963; x_wconf 81' lang='grc' dir='ltr'><em>ἀλλὰ</em></span> <span class='ocrx_word' id='word_1_99' title='bbox 1116 1904 1238 1964; x_wconf 79' lang='grc' dir='ltr'><em>τύπτειν</em></span> 
     </span>
     <span class='ocr_line' id='line_1_15' title="bbox 163 1985 1299 2089; baseline 0.002 -24"><span class='ocrx_word' id='word_1_100' title='bbox 163 2001 183 2083; x_wconf 72' lang='grc' dir='ltr'>ἢ</span> <span class='ocrx_word' id='word_1_101' title='bbox 206 2001 354 2065; x_wconf 64' lang='grc' dir='ltr'><em>σιώπα..</em></span> <span class='ocrx_word' id='word_1_102' title='bbox 377 2005 432 2086; x_wconf 72' lang='grc' dir='ltr'><em>(εις</em></span> <span class='ocrx_word' id='word_1_103' title='bbox 452 2005 519 2065; x_wconf 75' lang='lat' dir='ltr'>aru.</span> <span class='ocrx_word' id='word_1_104' title='bbox 539 2005 689 2089; x_wconf 68' lang='lat' dir='ltr'>anneta)</span> <span class='ocrx_word' id='word_1_105' title='bbox 713 2007 747 2066; x_wconf 65' lang='grc' dir='ltr'><em>τε</em></span> <span class='ocrx_word' id='word_1_106' title='bbox 769 2004 908 2086; x_wconf 46' lang='lat' dir='ltr'><em>ottulfo.</em></span> <span class='ocrx_word' id='word_1_107' title='bbox 1293 1985 1299 2001; x_wconf 78' lang='grc'><strong>’</strong></span> 
     </span>
    </p>
   </div>
   <div class='ocr_carea' id='block_1_7' title="bbox 162 2107 1238 2402">
    <p class='ocr_par' dir='ltr' id='par_1_7' title="bbox 162 2107 1238 2402">
     <span class='ocr_line' id='line_1_16' title="bbox 250 2107 1237 2195; baseline 0.004 -25"><span class='ocrx_word' id='word_1_108' title='bbox 250 2111 320 2170; x_wconf 86' lang='lat' dir='ltr'>Hes.</span> <span class='ocrx_word' id='word_1_109' title='bbox 351 2107 490 2192; x_wconf 81' lang='grc' dir='ltr'><em>Ἔπισμῇ.</em></span> <span class='ocrx_word' id='word_1_110' title='bbox 535 2109 717 2194; x_wconf 80' lang='grc' dir='ltr'><em>Ἐπιτρίβει,</em></span> <span class='ocrx_word' id='word_1_111' title='bbox 750 2111 797 2171; x_wconf 70' lang='grc' dir='ltr'><em>ἐπὶ</em></span> <span class='ocrx_word' id='word_1_112' title='bbox 820 2122 874 2173; x_wconf 81' lang='grc' dir='ltr'><em>τοῦ</em></span> <span class='ocrx_word' id='word_1_113' title='bbox 895 2113 1020 2192; x_wconf 78' lang='grc' dir='ltr'><em>σμήχειν</em></span> <span class='ocrx_word' id='word_1_114' title='bbox 1042 2111 1061 2193; x_wconf 79' lang='grc' dir='ltr'>ἢ</span> <span class='ocrx_word' id='word_1_115' title='bbox 1083 2113 1237 2195; x_wconf 74' lang='grc' dir='ltr'><em>τρίβεινῆ</em></span> 
     </span>
     <span class='ocr_line' id='line_1_17' title="bbox 162 2214 1238 2298; baseline 0.005 -23"><span class='ocrx_word' id='word_1_116' title='bbox 162 2214 300 2276; x_wconf 80' lang='grc' dir='ltr'><em>πλύνειν·</em></span> <span class='ocrx_word' id='word_1_117' title='bbox 330 2216 473 2298; x_wconf 81' lang='grc' dir='ltr'><em>λοιιλόρεΐ,</em></span> <span class='ocrx_word' id='word_1_118' title='bbox 505 2216 638 2296; x_wconf 84' lang='grc' dir='ltr'><em>πλήττει,</em></span> <span class='ocrx_word' id='word_1_119' title='bbox 677 2217 800 2295; x_wconf 78' lang='grc' dir='ltr'><em>Σμιῖιξαι</em></span> <span class='ocrx_word' id='word_1_120' title='bbox 828 2218 885 2298; x_wconf 78' lang='grc' dir='ltr'><em>γὰρ</em></span> <span class='ocrx_word' id='word_1_121' title='bbox 912 2219 947 2278; x_wconf 84' lang='grc' dir='ltr'><em>τὸ</em></span> <span class='ocrx_word' id='word_1_122' title='bbox 967 2218 1117 2292; x_wconf 79' lang='grc' dir='ltr'><em>πατάξαι·</em></span> <span class='ocrx_word' id='word_1_123' title='bbox 1148 2216 1238 2280; x_wconf 72' lang='grc' dir='ltr'><em>ἐνθεν</em></span> 
     </span>
     <span class='ocr_line' id='line_1_18' title="bbox 163 2318 1236 2402; baseline 0.003 -20"><span class='ocrx_word' id='word_1_124' title='bbox 163 2319 282 2398; x_wconf 74' lang='grc' dir='ltr'><em>σμῶδιξ</em></span> <span class='ocrx_word' id='word_1_125' title='bbox 318 2318 514 2399; x_wconf 72' lang='grc' dir='ltr'><em>αἱματόεσσα.</em></span> <span class='ocrx_word' id='word_1_126' title='bbox 568 2323 611 2384; x_wconf 82' lang='lat' dir='ltr'><em>Cf.</em></span> <span class='ocrx_word' id='word_1_127' title='bbox 643 2322 765 2382; x_wconf 87' lang='lat' dir='ltr'>eundem</span> <span class='ocrx_word' id='word_1_128' title='bbox 795 2344 817 2382; x_wconf 83' lang='lat' dir='ltr'><em>s.</em></span> <span class='ocrx_word' id='word_1_129' title='bbox 847 2345 874 2382; x_wconf 86' lang='lat' dir='ltr'><em>v,</em></span> <span class='ocrx_word' id='word_1_130' title='bbox 927 2322 1052 2402; x_wconf 78' lang='grc' dir='ltr'><em>Σμήχει.</em></span> <span class='ocrx_word' id='word_1_131' title='bbox 1104 2325 1236 2402; x_wconf 80' lang='grc' dir='ltr'><em>Σμῶύιξ.</em></span> 
     </span>
    </p>
   </div>
   <div class='ocr_carea' id='block_1_8' title="bbox 164 2425 719 2508">
    <p class='ocr_par' dir='ltr' id='par_1_8' title="bbox 164 2425 719 2508">
     <span class='ocr_line' id='line_1_19' title="bbox 164 2425 719 2508; baseline 0.007 -22"><span class='ocrx_word' id='word_1_132' title='bbox 164 2425 314 2508; x_wconf 76' lang='grc' dir='ltr'><em>Σμῶόιγξ.</em></span> <span class='ocrx_word' id='word_1_133' title='bbox 358 2428 404 2486; x_wconf 93' lang='lat' dir='ltr'><em>De</em></span> <span class='ocrx_word' id='word_1_134' title='bbox 425 2426 555 2487; x_wconf 87' lang='lat' dir='ltr'>Diodoro</span> <span class='ocrx_word' id='word_1_135' title='bbox 578 2428 613 2486; x_wconf 87' lang='lat' dir='ltr'><em>cf.</em></span> <span class='ocrx_word' id='word_1_136' title='bbox 637 2449 666 2508; x_wconf 87' lang='lat' dir='ltr'><em>p.</em></span> <span class='ocrx_word' id='word_1_137' title='bbox 692 2436 719 2494; x_wconf 88' lang='lat'><em>5.</em></span> 
     </span>
    </p>
   </div>
   <div class='ocr_carea' id='block_1_9' title="bbox 162 2699 1237 3412">
    <p class='ocr_par' dir='ltr' id='par_1_9' title="bbox 162 2699 1237 2993">
     <span class='ocr_line' id='line_1_20' title="bbox 248 2699 1237 2786; baseline 0.003 -24"><span class='ocrx_word' id='word_1_138' title='bbox 248 2704 305 2762; x_wconf 77' lang='lat'><em>45.</em></span> <span class='ocrx_word' id='word_1_139' title='bbox 331 2699 409 2766; x_wconf 69' lang='lat' dir='ltr'><em>*Ea</em></span> <span class='ocrx_word' id='word_1_140' title='bbox 454 2701 548 2764; x_wconf 83' lang='lat' dir='ltr'>Schol.</span> <span class='ocrx_word' id='word_1_141' title='bbox 570 2703 644 2762; x_wconf 78' lang='lat' dir='ltr'>Rau.</span> <span class='ocrx_word' id='word_1_142' title='bbox 669 2708 716 2765; x_wconf 81' lang='lat'><em>92.</em></span> <span class='ocrx_word' id='word_1_143' title='bbox 739 2702 848 2785; x_wconf 83' lang='lat' dir='ltr'>(Suid.)</span> <span class='ocrx_word' id='word_1_144' title='bbox 886 2699 1173 2786; x_wconf 78' lang='grc' dir='ltr'><em>Ἐπιφύλλίύες.</em></span> <span class='ocrx_word' id='word_1_145' title='bbox 1193 2742 1237 2751; x_wconf 94' lang='grc'>-</span> 
     </span>
     <span class='ocr_line' id='line_1_21' title="bbox 165 2805 1237 2895; baseline 0.006 -30"><span class='ocrx_word' id='word_1_146' title='bbox 165 2806 213 2866; x_wconf 79' lang='grc' dir='ltr'><em>Τὰ</em></span> <span class='ocrx_word' id='word_1_147' title='bbox 237 2805 405 2885; x_wconf 73' lang='grc' dir='ltr'><em>ἐπικείμενα</em></span> <span class='ocrx_word' id='word_1_148' title='bbox 427 2814 489 2879; x_wconf 83' lang='grc' dir='ltr'><em>τοῖς</em></span> <span class='ocrx_word' id='word_1_149' title='bbox 510 2805 649 2888; x_wconf 77' lang='grc' dir='ltr'><em>μεγάλοις</em></span> <span class='ocrx_word' id='word_1_150' title='bbox 670 2806 797 2895; x_wconf 71' lang='grc' dir='ltr'><em>βότρυσι</em></span> <span class='ocrx_word' id='word_1_151' title='bbox 815 2808 971 2890; x_wconf 79' lang='grc' dir='ltr'><em>βοτρύιὶἰα.</em></span> <span class='ocrx_word' id='word_1_152' title='bbox 1006 2810 1237 2892; x_wconf 85' lang='grc' dir='ltr'><em>Καλλίστρατος</em></span> 
     </span>
     <span class='ocr_line' id='line_1_22' title="bbox 162 2906 698 2993; baseline 0.002 -23"><span class='ocrx_word' id='word_1_153' title='bbox 162 2909 197 2971; x_wconf 77' lang='grc' dir='ltr'><em>δὲ</em></span> <span class='ocrx_word' id='word_1_154' title='bbox 219 2911 257 2971; x_wconf 84' lang='grc' dir='ltr'><em>τὰ</em></span> <span class='ocrx_word' id='word_1_155' title='bbox 279 2913 356 2972; x_wconf 85' lang='grc' dir='ltr'><em>αύτὰ</em></span> <span class='ocrx_word' id='word_1_156' title='bbox 378 2906 456 2972; x_wconf 75' lang='grc' dir='ltr'><em>καθ’</em></span> <span class='ocrx_word' id='word_1_157' title='bbox 482 2907 574 2972; x_wconf 71' lang='grc' dir='ltr'><em>ἑαυτὰ</em></span> <span class='ocrx_word' id='word_1_158' title='bbox 595 2912 698 2993; x_wconf 85' lang='grc' dir='ltr'><em>μικρά.</em></span> 
     </span>
    </p>

    <p class='ocr_par' dir='ltr' id='par_1_10' title="bbox 251 3016 1235 3100">
     <span class='ocr_line' id='line_1_23' title="bbox 251 3016 1235 3100; baseline 0.007 -25"><span class='ocrx_word' id='word_1_159' title='bbox 251 3018 320 3078; x_wconf 86' lang='lat' dir='ltr'>Hes.</span> <span class='ocrx_word' id='word_1_160' title='bbox 345 3016 528 3100; x_wconf 80' lang='grc' dir='ltr'><em>Ἐπιφυλλίς.</em></span> <span class='ocrx_word' id='word_1_161' title='bbox 565 3018 731 3098; x_wconf 81' lang='grc' dir='ltr'><em>Βοτρύόιον</em></span> <span class='ocrx_word' id='word_1_162' title='bbox 752 3017 869 3100; x_wconf 83' lang='grc' dir='ltr'><em>μικρόν,</em></span> <span class='ocrx_word' id='word_1_163' title='bbox 891 3019 937 3079; x_wconf 75' lang='grc' dir='ltr'><em>ἐπὶ</em></span> <span class='ocrx_word' id='word_1_164' title='bbox 958 3017 1034 3080; x_wconf 73' lang='grc' dir='ltr'><em>τέλει</em></span> <span class='ocrx_word' id='word_1_165' title='bbox 1055 3021 1235 3099; x_wconf 81' lang='grc' dir='ltr'><em>βλαστάνον.</em></span> 
     </span>
    </p>

    <p class='ocr_par' dir='ltr' id='par_1_11' title="bbox 163 3120 1237 3412">
     <span class='ocr_line' id='line_1_24' title="bbox 249 3120 1237 3208; baseline 0.005 -27"><span class='ocrx_word' id='word_1_166' title='bbox 249 3123 297 3184; x_wconf 79' lang='lat' dir='ltr'><em>Et.</em></span> <span class='ocrx_word' id='word_1_167' title='bbox 314 3125 355 3182; x_wconf 88' lang='lat' dir='ltr'><em>M.</em></span> <span class='ocrx_word' id='word_1_168' title='bbox 374 3129 443 3197; x_wconf 83' lang='lat'><strong>367,</strong></span> <span class='ocrx_word' id='word_1_169' title='bbox 465 3131 511 3187; x_wconf 83' lang='lat'><em>17.</em></span> <span class='ocrx_word' id='word_1_170' title='bbox 534 3120 750 3206; x_wconf 78' lang='grc' dir='ltr'><em>Ἔπιφολλύὸες.</em></span> <span class='ocrx_word' id='word_1_171' title='bbox 788 3125 835 3184; x_wconf 86' lang='grc' dir='ltr'><em>Τὰ</em></span> <span class='ocrx_word' id='word_1_172' title='bbox 855 3126 929 3207; x_wconf 84' lang='grc' dir='ltr'><em>πρὸς</em></span> <span class='ocrx_word' id='word_1_173' title='bbox 953 3127 1022 3197; x_wconf 81' lang='grc' dir='ltr'><em>τοὺς</em></span> <span class='ocrx_word' id='word_1_174' title='bbox 1042 3126 1185 3208; x_wconf 83' lang='grc' dir='ltr'><em>βότρυας,</em></span> <span class='ocrx_word' id='word_1_175' title='bbox 1209 3125 1237 3188; x_wconf 76' lang='grc' dir='ltr'><em>οἳ</em></span> 
     </span>
     <span class='ocr_line' id='line_1_25' title="bbox 164 3226 1236 3311; baseline 0.004 -25"><span class='ocrx_word' id='word_1_176' title='bbox 164 3226 340 3305; x_wconf 86' lang='grc' dir='ltr'><em>καλούμενοι</em></span> <span class='ocrx_word' id='word_1_177' title='bbox 360 3227 521 3311; x_wconf 75' lang='grc' dir='ltr'><em>ἓπίτραγοι.</em></span> <span class='ocrx_word' id='word_1_178' title='bbox 556 3231 653 3289; x_wconf 78' lang='lat' dir='ltr'>Treta.</span> <span class='ocrx_word' id='word_1_179' title='bbox 670 3229 735 3288; x_wconf 91' lang='lat' dir='ltr'>chil.</span> <span class='ocrx_word' id='word_1_180' title='bbox 752 3229 795 3289; x_wconf 91' lang='lat' dir='ltr'><em>IV</em></span> <span class='ocrx_word' id='word_1_181' title='bbox 814 3237 883 3294; x_wconf 80' lang='lat'><strong>784.</strong></span> <span class='ocrx_word' id='word_1_182' title='bbox 909 3230 1088 3290; x_wconf 83' lang='lat' dir='ltr'>Callistratus</span> <span class='ocrx_word' id='word_1_183' title='bbox 1103 3230 1236 3310; x_wconf 85' lang='lat' dir='ltr'>Euphro-</span> 
     </span>
     <span class='ocr_line' id='line_1_26' title="bbox 163 3323 821 3412; baseline 0.006 -23"><span class='ocrx_word' id='word_1_184' title='bbox 163 3334 205 3390; x_wconf 94' lang='lat' dir='ltr'><em>nii</em></span> <span class='ocrx_word' id='word_1_185' title='bbox 229 3334 494 3412; x_wconf 85' lang='lat' dir='ltr'>interpretationem</span> <span class='ocrx_word' id='word_1_186' title='bbox 515 3337 674 3395; x_wconf 83' lang='lat' dir='ltr'>correxisse</span> <span class='ocrx_word' id='word_1_187' title='bbox 696 3323 821 3399; x_wconf 83' lang='lat' dir='ltr'>uidetur.</span> 
     </span>
    </p>
   </div>
   <div class='ocr_carea' id='block_1_10' title="bbox 163 3608 1237 4214">
    <p class='ocr_par' dir='ltr' id='par_1_12' title="bbox 163 3608 1237 4214">
     <span class='ocr_line' id='line_1_27' title="bbox 251 3608 1237 3689; baseline 0.001 -21"><span class='ocrx_word' id='word_1_188' title='bbox 251 3613 307 3670; x_wconf 82' lang='lat'><em>46.</em></span> <span class='ocrx_word' id='word_1_189' title='bbox 330 3613 384 3670; x_wconf 84' lang='lat' dir='ltr'>Er.</span> <span class='ocrx_word' id='word_1_190' title='bbox 430 3610 514 3670; x_wconf 93' lang='lat' dir='ltr'>Phot.</span> <span class='ocrx_word' id='word_1_191' title='bbox 546 3610 683 3680; x_wconf 70' lang='grc' dir='ltr'><em>Εὐθὺς</em></span> <span class='ocrx_word' id='word_1_192' title='bbox 704 3608 844 3670; x_wconf 82' lang='grc' dir='ltr'><em>Λικειόο</em></span> <span class='ocrx_word' id='word_1_193' title='bbox 873 3608 976 3689; x_wconf 83' lang='lat' dir='ltr'>(Mein.</span> <span class='ocrx_word' id='word_1_194' title='bbox 1001 3609 1078 3669; x_wconf 73' lang='grc' dir='ltr'><em>εὐθύ</em></span> <span class='ocrx_word' id='word_1_195' title='bbox 1100 3610 1237 3671; x_wconf 83' lang='grc' dir='ltr'><em>Λύκειον</em></span> 
     </span>
     <span class='ocr_line' id='line_1_28' title="bbox 163 3711 1237 3796; baseline 0.004 -24"><span class='ocrx_word' id='word_1_196' title='bbox 163 3711 252 3796; x_wconf 66' lang='lat' dir='ltr'>coh).</span> <span class='ocrx_word' id='word_1_197' title='bbox 307 3713 352 3773; x_wconf 86' lang='grc' dir='ltr'><em>Τὸ</em></span> <span class='ocrx_word' id='word_1_198' title='bbox 375 3713 416 3784; x_wconf 71' lang='grc' dir='ltr'><em>εἷς</em></span> <span class='ocrx_word' id='word_1_199' title='bbox 437 3712 588 3773; x_wconf 86' lang='grc' dir='ltr'><em>Λύκειον·</em></span> <span class='ocrx_word' id='word_1_200' title='bbox 623 3714 698 3774; x_wconf 72' lang='grc' dir='ltr'><em>ὅθεν</em></span> <span class='ocrx_word' id='word_1_201' title='bbox 730 3711 952 3796; x_wconf 72' lang='grc' dir='ltr'><em>Ἐρατοσθένης</em></span> <span class='ocrx_word' id='word_1_202' title='bbox 983 3713 1033 3774; x_wconf 79' lang='grc' dir='ltr'><em>καὶ</em></span> <span class='ocrx_word' id='word_1_203' title='bbox 1067 3713 1118 3774; x_wconf 77' lang='grc' dir='ltr'><em>διὰ</em></span> <span class='ocrx_word' id='word_1_204' title='bbox 1148 3723 1237 3776; x_wconf 79' lang='grc' dir='ltr'><em>τοῦτο</em></span> 
     </span>
     <span class='ocr_line' id='line_1_29' title="bbox 163 3817 1237 3902; baseline 0.003 -24"><span class='ocrx_word' id='word_1_205' title='bbox 163 3817 323 3878; x_wconf 74' lang='grc' dir='ltr'><em>ὑποπτεύει</em></span> <span class='ocrx_word' id='word_1_206' title='bbox 346 3820 415 3889; x_wconf 82' lang='grc' dir='ltr'><em>τοὺς</em></span> <span class='ocrx_word' id='word_1_207' title='bbox 440 3820 626 3890; x_wconf 76' lang='grc' dir='ltr'><em>Μεταλλεῖς·</em></span> <span class='ocrx_word' id='word_1_208' title='bbox 661 3819 709 3878; x_wconf 76' lang='grc' dir='ltr'><em>καὶ</em></span> <span class='ocrx_word' id='word_1_209' title='bbox 733 3820 900 3900; x_wconf 78' lang='grc' dir='ltr'><em>Εὐριπίδης</em></span> <span class='ocrx_word' id='word_1_210' title='bbox 921 3822 975 3880; x_wconf 87' lang='grc' dir='ltr'><em>ούκ</em></span> <span class='ocrx_word' id='word_1_211' title='bbox 999 3820 1103 3900; x_wconf 72' lang='grc' dir='ltr'><em>ὀρθῶς</em></span> <span class='ocrx_word' id='word_1_212' title='bbox 1132 3818 1143 3902; x_wconf 69' lang='grc' dir='ltr'><em>λλ</em></span> <span class='ocrx_word' id='word_1_213' title='bbox 1174 3822 1237 3900; x_wconf 83' lang='grc' dir='ltr'><em>Τὴν</em></span> 
     </span>
     <span class='ocr_line' id='line_1_30' title="bbox 165 3912 1234 4008; baseline 0.004 -24"><span class='ocrx_word' id='word_1_214' title='bbox 165 3923 260 3996; x_wconf 76' lang='grc' dir='ltr'><em>εὐθύς</em></span> <span class='ocrx_word' id='word_1_215' title='bbox 280 3912 406 4004; x_wconf 76' lang='grc' dir='ltr'><em>’Άργοος</em></span> <span class='ocrx_word' id='word_1_216' title='bbox 427 3923 628 4006; x_wconf 80' lang='grc' dir='ltr'><em>κάπιόαορίας</em></span> <span class='ocrx_word' id='word_1_217' title='bbox 642 3923 712 3985; x_wconf 83' lang='grc' dir='ltr'><em>όόόν</em></span> <span class='ocrx_word' id='word_1_218' title='bbox 734 3925 837 4006; x_wconf 88' lang='lat' dir='ltr'>(Hipp.</span> <span class='ocrx_word' id='word_1_219' title='bbox 853 3925 948 4008; x_wconf 83' lang='grc'><strong>1191)</strong></span> <span class='ocrx_word' id='word_1_220' title='bbox 966 3923 989 4008; x_wconf 74' lang='grc' dir='ltr'><em>Η</em></span> <span class='ocrx_word' id='word_1_221' title='bbox 1024 3925 1067 3986; x_wconf 83' lang='lat' dir='ltr'><em>cf.</em></span> <span class='ocrx_word' id='word_1_222' title='bbox 1079 3927 1234 4002; x_wconf 84' lang='lat' dir='ltr'>Ruhnken,</span> 
     </span>
     <span class='ocr_line' id='line_1_31' title="bbox 165 4029 1236 4109; baseline 0.005 -20"><span class='ocrx_word' id='word_1_223' title='bbox 165 4030 243 4090; x_wconf 81' lang='lat' dir='ltr'>Tim.</span> <span class='ocrx_word' id='word_1_224' title='bbox 272 4034 339 4093; x_wconf 79' lang='lat'><strong>126.</strong></span> <span class='ocrx_word' id='word_1_225' title='bbox 384 4029 487 4091; x_wconf 87' lang='lat' dir='ltr'>Valck.</span> <span class='ocrx_word' id='word_1_226' title='bbox 512 4034 600 4094; x_wconf 85' lang='lat' dir='ltr'>anim.</span> <span class='ocrx_word' id='word_1_227' title='bbox 630 4031 724 4094; x_wconf 87' lang='lat' dir='ltr'>Amm.</span> <span class='ocrx_word' id='word_1_228' title='bbox 750 4037 800 4095; x_wconf 83' lang='lat'><em>90.</em></span> <span class='ocrx_word' id='word_1_229' title='bbox 845 4030 952 4091; x_wconf 91' lang='lat' dir='ltr'>Bernh.</span> <span class='ocrx_word' id='word_1_230' title='bbox 976 4033 1045 4109; x_wconf 77' lang='lat' dir='ltr'>frag.</span> <span class='ocrx_word' id='word_1_231' title='bbox 1069 4032 1135 4092; x_wconf 87' lang='lat' dir='ltr'><em>XL.</em></span> <span class='ocrx_word' id='word_1_232' title='bbox 1182 4033 1236 4094; x_wconf 85' lang='lat' dir='ltr'><em>Oo-</em></span> 
     </span>
     <span class='ocr_line' id='line_1_32' title="bbox 164 4134 1236 4214; baseline 0.009 -20"><span class='ocrx_word' id='word_1_233' title='bbox 164 4135 223 4208; x_wconf 87' lang='lat' dir='ltr'>bet,</span> <span class='ocrx_word' id='word_1_234' title='bbox 244 4134 353 4193; x_wconf 83' lang='lat' dir='ltr'>hinem.</span> <span class='ocrx_word' id='word_1_235' title='bbox 376 4135 424 4194; x_wconf 92' lang='lat' dir='ltr'><em>XI</em></span> <span class='ocrx_word' id='word_1_236' title='bbox 448 4139 517 4198; x_wconf 85' lang='grc'><em>388.</em></span> <span class='ocrx_word' id='word_1_237' title='bbox 550 4135 639 4194; x_wconf 82' lang='lat' dir='ltr'>Mela.</span> <span class='ocrx_word' id='word_1_238' title='bbox 661 4135 726 4194; x_wconf 79' lang='lat' dir='ltr'>hist.</span> <span class='ocrx_word' id='word_1_239' title='bbox 749 4139 810 4196; x_wconf 87' lang='lat' dir='ltr'>crit.</span> <span class='ocrx_word' id='word_1_240' title='bbox 836 4143 884 4198; x_wconf 84' lang='grc'><em>69.</em></span> <span class='ocrx_word' id='word_1_241' title='bbox 910 4138 996 4214; x_wconf 81' lang='lat' dir='ltr'>Frag.</span> <span class='ocrx_word' id='word_1_242' title='bbox 1020 4157 1091 4197; x_wconf 86' lang='lat' dir='ltr'>eom.</span> <span class='ocrx_word' id='word_1_243' title='bbox 1111 4138 1143 4197; x_wconf 96' lang='lat' dir='ltr'><em>II</em></span> <span class='ocrx_word' id='word_1_244' title='bbox 1164 4144 1236 4204; x_wconf 75' lang='lat'><strong>306.</strong></span> 
     </span>
    </p>
   </div>
   <div class='ocr_carea' id='block_1_11' title="bbox 0 0 1497 4740">
    <p class='ocr_par' dir='ltr' id='par_1_13' title="bbox 0 0 1497 4740">
     <span class='ocr_line' id='line_1_33' title="bbox 0 0 1497 4740; baseline 0 0"><span class='ocrx_word' id='word_1_245' title='bbox 0 0 1497 4740; x_wconf 95' lang='lat' dir='ltr'><em> </em></span> 
     </span>
    </p>
   </div>
  </div>
 </body>
</html>
