<?xml version="1.0" encoding="UTF-8"?>
<!DOCTYPE html PUBLIC "-//W3C//DTD XHTML 1.0 Transitional//EN"
    "http://www.w3.org/TR/xhtml1/DTD/xhtml1-transitional.dtd">
<html xmlns="http://www.w3.org/1999/xhtml" xml:lang="en" lang="en">
 <head>
  <title>
</title>
<meta http-equiv="Content-Type" content="text/html;charset=utf-8" />
  <meta name='ocr-system' content='tesseract 3.04.00' />
  <meta name='ocr-capabilities' content='ocr_page ocr_carea ocr_par ocr_line ocrx_word'/>
</head>
<body>
  <div class='ocr_page' id='page_1' title='image "./delycophroneeup01stregoog_0040.png"; bbox 0 0 2984 4740; ppageno 0'>
   <div class='ocr_carea' id='block_1_1' title="bbox 592 246 801 310">
    <p class='ocr_par' dir='ltr' id='par_1_1' title="bbox 592 246 801 310">
     <span class='ocr_line' id='line_1_1' title="bbox 592 246 801 310; baseline 0.014 -19"><span class='ocrx_word' id='word_1_1' title='bbox 592 246 801 310; x_wconf 80' lang='grc'>..33-</span> 
     </span>
    </p>
   </div>
   <div class='ocr_carea' id='block_1_2' title="bbox 156 412 1233 914">
    <p class='ocr_par' dir='ltr' id='par_1_2' title="bbox 156 412 1233 914">
     <span class='ocr_line' id='line_1_2' title="bbox 244 412 1231 502; baseline 0.011 -30"><span class='ocrx_word' id='word_1_2' title='bbox 244 412 384 486; x_wconf 75' lang='lat' dir='ltr'><strong>Schmidt,</strong></span> <span class='ocrx_word' id='word_1_3' title='bbox 406 413 474 476; x_wconf 89' lang='lat' dir='ltr'><strong>Did.</strong></span> <span class='ocrx_word' id='word_1_4' title='bbox 498 437 527 495; x_wconf 91' lang='lat' dir='ltr'>p.</span> <span class='ocrx_word' id='word_1_5' title='bbox 552 422 591 478; x_wconf 84' lang='lat'>30</span> <span class='ocrx_word' id='word_1_6' title='bbox 625 416 696 496; x_wconf 82' lang='lat' dir='ltr'><strong>„snb</strong></span> <span class='ocrx_word' id='word_1_7' title='bbox 722 414 750 476; x_wconf 78' lang='grc' dir='ltr'>οἳ</span> <span class='ocrx_word' id='word_1_8' title='bbox 770 415 827 495; x_wconf 75' lang='grc' dir='ltr'>μὲν</span> <span class='ocrx_word' id='word_1_9' title='bbox 848 418 968 480; x_wconf 70' lang='lat' dir='ltr'>fortasse</span> <span class='ocrx_word' id='word_1_10' title='bbox 989 421 1152 502; x_wconf 83' lang='lat' dir='ltr'><strong>Lycophro‚</strong></span> <span class='ocrx_word' id='word_1_11' title='bbox 1177 423 1231 483; x_wconf 81' lang='lat' dir='ltr'>sub</span> 
     </span>
     <span class='ocr_line' id='line_1_3' title="bbox 158 515 1233 606; baseline 0.008 -27"><span class='ocrx_word' id='word_1_12' title='bbox 158 515 188 580; x_wconf 77' lang='grc' dir='ltr'>οἳ</span> <span class='ocrx_word' id='word_1_13' title='bbox 224 517 256 578; x_wconf 65' lang='lat' dir='ltr'>etr*</span> <span class='ocrx_word' id='word_1_14' title='bbox 297 519 504 578; x_wconf 77' lang='lat' dir='ltr'><strong>Eratosthenes</strong></span> <span class='ocrx_word' id='word_1_15' title='bbox 541 521 619 580; x_wconf 80' lang='lat' dir='ltr'><strong>latet.</strong></span> <span class='ocrx_word' id='word_1_16' title='bbox 673 521 817 600; x_wconf 76' lang='lat' dir='ltr'><strong>Cyrenaei</strong></span> <span class='ocrx_word' id='word_1_17' title='bbox 856 527 932 585; x_wconf 87' lang='lat' dir='ltr'><strong>enim</strong></span> <span class='ocrx_word' id='word_1_18' title='bbox 973 526 1121 606; x_wconf 79' lang='lat' dir='ltr'><strong>Hesychio</strong></span> <span class='ocrx_word' id='word_1_19' title='bbox 1160 536 1233 588; x_wconf 82' lang='lat' dir='ltr'><strong>reste</strong></span> 
     </span>
     <span class='ocr_line' id='line_1_4' title="bbox 156 623 1232 713; baseline 0.011 -32"><span class='ocrx_word' id='word_1_20' title='bbox 156 624 266 706; x_wconf 80' lang='grc' dir='ltr'>βρικὸν</span> <span class='ocrx_word' id='word_1_21' title='bbox 287 623 452 684; x_wconf 80' lang='lat' dir='ltr'><strong>uocitabant</strong></span> <span class='ocrx_word' id='word_1_22' title='bbox 472 623 660 708; x_wconf 71' lang='grc' dir='ltr'>βύρβαρον.“</span> <span class='ocrx_word' id='word_1_23' title='bbox 701 627 743 690; x_wconf 81' lang='lat' dir='ltr'>Of.</span> <span class='ocrx_word' id='word_1_24' title='bbox 760 627 830 688; x_wconf 88' lang='lat' dir='ltr'>ibid.</span> <span class='ocrx_word' id='word_1_25' title='bbox 847 650 869 691; x_wconf 91' lang='lat' dir='ltr'>s.</span> <span class='ocrx_word' id='word_1_26' title='bbox 886 650 914 692; x_wconf 90' lang='lat' dir='ltr'>v.</span> <span class='ocrx_word' id='word_1_27' title='bbox 936 630 1058 710; x_wconf 79' lang='grc' dir='ltr'>βρύκος.</span> <span class='ocrx_word' id='word_1_28' title='bbox 1103 633 1150 692; x_wconf 89' lang='lat' dir='ltr'>De</span> <span class='ocrx_word' id='word_1_29' title='bbox 1171 633 1232 713; x_wconf 86' lang='lat' dir='ltr'>Ly-</span> 
     </span>
     <span class='ocr_line' id='line_1_5' title="bbox 159 728 1230 819; baseline 0.009 -32"><span class='ocrx_word' id='word_1_30' title='bbox 159 730 305 809; x_wconf 86' lang='lat' dir='ltr'><strong>eophrone</strong></span> <span class='ocrx_word' id='word_1_31' title='bbox 335 728 422 788; x_wconf 81' lang='lat' dir='ltr'><strong>uelde</strong></span> <span class='ocrx_word' id='word_1_32' title='bbox 453 730 563 792; x_wconf 86' lang='lat' dir='ltr'><strong>dubito.</strong></span> <span class='ocrx_word' id='word_1_33' title='bbox 609 731 652 792; x_wconf 77' lang='lat' dir='ltr'>Of.</span> <span class='ocrx_word' id='word_1_34' title='bbox 683 732 732 791; x_wconf 78' lang='lat' dir='ltr'>Et.</span> <span class='ocrx_word' id='word_1_35' title='bbox 761 733 803 792; x_wconf 82' lang='lat' dir='ltr'>M.</span> <span class='ocrx_word' id='word_1_36' title='bbox 835 740 907 808; x_wconf 82' lang='grc'>213,</span> <span class='ocrx_word' id='word_1_37' title='bbox 932 741 982 801; x_wconf 87' lang='grc'>39.</span> <span class='ocrx_word' id='word_1_38' title='bbox 1024 737 1148 797; x_wconf 82' lang='lat' dir='ltr'><strong>Pansan.</strong></span> <span class='ocrx_word' id='word_1_39' title='bbox 1182 758 1230 819; x_wconf 84' lang='lat' dir='ltr'>ep.</span> 
     </span>
     <span class='ocr_line' id='line_1_6' title="bbox 160 837 809 914; baseline 0.012 -21"><span class='ocrx_word' id='word_1_40' title='bbox 160 837 240 894; x_wconf 81' lang='lat' dir='ltr'><strong>Eust.</strong></span> <span class='ocrx_word' id='word_1_41' title='bbox 272 840 359 908; x_wconf 90' lang='grc'>1395,</span> <span class='ocrx_word' id='word_1_42' title='bbox 384 842 435 899; x_wconf 83' lang='grc'>48.</span> <span class='ocrx_word' id='word_1_43' title='bbox 477 837 564 914; x_wconf 78' lang='lat' dir='ltr'><strong>Frag.</strong></span> <span class='ocrx_word' id='word_1_44' title='bbox 587 856 659 896; x_wconf 79' lang='lat' dir='ltr'><strong>com.</strong></span> <span class='ocrx_word' id='word_1_45' title='bbox 683 840 713 898; x_wconf 91' lang='lat'>11</span> <span class='ocrx_word' id='word_1_46' title='bbox 742 845 809 901; x_wconf 79' lang='lat'>140.</span> 
     </span>
    </p>
   </div>
   <div class='ocr_carea' id='block_1_3' title="bbox 152 1042 1227 2056">
    <p class='ocr_par' dir='ltr' id='par_1_3' title="bbox 152 1042 1227 2056">
     <span class='ocr_line' id='line_1_7' title="bbox 241 1042 1226 1128; baseline 0.002 -22"><span class='ocrx_word' id='word_1_47' title='bbox 241 1050 295 1107; x_wconf 83' lang='lat'>30.</span> <span class='ocrx_word' id='word_1_48' title='bbox 320 1045 378 1107; x_wconf 87' lang='lat' dir='ltr'>*L.</span> <span class='ocrx_word' id='word_1_49' title='bbox 396 1043 470 1106; x_wconf 65' lang='lat' dir='ltr'>*En</span> <span class='ocrx_word' id='word_1_50' title='bbox 503 1045 573 1104; x_wconf 84' lang='lat' dir='ltr'><strong>Hos.</strong></span> <span class='ocrx_word' id='word_1_51' title='bbox 591 1049 621 1106; x_wconf 91' lang='grc' dir='ltr'>Γ</span> <span class='ocrx_word' id='word_1_52' title='bbox 619 1047 711 1126; x_wconf 70' lang='grc' dir='ltr'>ήόσα,</span> <span class='ocrx_word' id='word_1_53' title='bbox 750 1042 992 1128; x_wconf 82' lang='grc' dir='ltr'>Ἀμπελόπρασα,</span> <span class='ocrx_word' id='word_1_54' title='bbox 1016 1043 1043 1108; x_wconf 75' lang='grc' dir='ltr'>οἷ</span> <span class='ocrx_word' id='word_1_55' title='bbox 1063 1045 1096 1107; x_wconf 73' lang='grc' dir='ltr'>δὲ</span> <span class='ocrx_word' id='word_1_56' title='bbox 1109 1051 1226 1128; x_wconf 76' lang='grc' dir='ltr'>γηθυλ-</span> 
     </span>
     <span class='ocr_line' id='line_1_8' title="bbox 152 1144 1227 1234; baseline 0.004 -28"><span class='ocrx_word' id='word_1_57' title='bbox 152 1146 251 1221; x_wconf 76' lang='grc' dir='ltr'>λίδας,</span> <span class='ocrx_word' id='word_1_58' title='bbox 282 1144 309 1207; x_wconf 75' lang='grc' dir='ltr'>οἱ</span> <span class='ocrx_word' id='word_1_59' title='bbox 333 1147 366 1208; x_wconf 66' lang='grc' dir='ltr'>(λε’</span> <span class='ocrx_word' id='word_1_60' title='bbox 395 1149 511 1230; x_wconf 80' lang='grc' dir='ltr'>μεγάλα</span> <span class='ocrx_word' id='word_1_61' title='bbox 538 1149 691 1233; x_wconf 84' lang='grc' dir='ltr'>κρόμμυα,</span> <span class='ocrx_word' id='word_1_62' title='bbox 722 1151 805 1211; x_wconf 73' lang='grc' dir='ltr'>ἄλλοι</span> <span class='ocrx_word' id='word_1_63' title='bbox 825 1152 941 1234; x_wconf 78' lang='grc' dir='ltr'>χλωρά.</span> <span class='ocrx_word' id='word_1_64' title='bbox 986 1153 1029 1214; x_wconf 76' lang='lat' dir='ltr'>Of.</span> <span class='ocrx_word' id='word_1_65' title='bbox 1052 1152 1159 1212; x_wconf 86' lang='lat' dir='ltr'>Athen.</span> <span class='ocrx_word' id='word_1_66' title='bbox 1184 1158 1227 1217; x_wconf 86' lang='lat' dir='ltr'>IX</span> 
     </span>
     <span class='ocr_line' id='line_1_9' title="bbox 155 1248 1227 1338; baseline 0.002 -24"><span class='ocrx_word' id='word_1_67' title='bbox 155 1259 216 1314; x_wconf 86' lang='grc'>371</span> <span class='ocrx_word' id='word_1_68' title='bbox 248 1253 268 1313; x_wconf 85' lang='lat' dir='ltr'>f.</span> <span class='ocrx_word' id='word_1_69' title='bbox 312 1255 407 1334; x_wconf 76' lang='lat' dir='ltr'><strong>(Eust.</strong></span> <span class='ocrx_word' id='word_1_70' title='bbox 436 1263 533 1331; x_wconf 90' lang='grc'>1155,</span> <span class='ocrx_word' id='word_1_71' title='bbox 559 1256 611 1338; x_wconf 87' lang='grc'>20)</span> <span class='ocrx_word' id='word_1_72' title='bbox 646 1257 680 1316; x_wconf 85' lang='grc' dir='ltr'>τό</span> <span class='ocrx_word' id='word_1_73' title='bbox 712 1256 863 1337; x_wconf 72' lang='grc' dir='ltr'>γήθυον</span> <span class='ocrx_word' id='word_1_74' title='bbox 903 1293 943 1303; x_wconf 94' lang='grc'>-</span> <span class='ocrx_word' id='word_1_75' title='bbox 983 1248 1020 1317; x_wconf 79' lang='grc' dir='ltr'>οὗ</span> <span class='ocrx_word' id='word_1_76' title='bbox 1050 1257 1227 1337; x_wconf 78' lang='grc' dir='ltr'>μνημονεύει</span> 
     </span>
     <span class='ocr_line' id='line_1_10' title="bbox 159 1353 1227 1444; baseline 0.005 -27"><span class='ocrx_word' id='word_1_77' title='bbox 159 1358 311 1441; x_wconf 80' lang='grc' dir='ltr'>Φρύνιχος</span> <span class='ocrx_word' id='word_1_78' title='bbox 333 1360 364 1420; x_wconf 76' lang='grc' dir='ltr'>ἓν</span> <span class='ocrx_word' id='word_1_79' title='bbox 386 1360 507 1444; x_wconf 83' lang='grc' dir='ltr'>Κρόνῳ.</span> <span class='ocrx_word' id='word_1_80' title='bbox 542 1353 636 1440; x_wconf 84' lang='grc' dir='ltr'>Ὅπερ</span> <span class='ocrx_word' id='word_1_81' title='bbox 654 1361 844 1442; x_wconf 73' lang='grc' dir='ltr'>ἐξηγούμενος</span> <span class='ocrx_word' id='word_1_82' title='bbox 864 1361 968 1443; x_wconf 76' lang='grc' dir='ltr'>δρᾶμα</span> <span class='ocrx_word' id='word_1_83' title='bbox 983 1362 1119 1440; x_wconf 77' lang='grc' dir='ltr'>Δίδυμος</span> <span class='ocrx_word' id='word_1_84' title='bbox 1138 1361 1227 1440; x_wconf 85' lang='grc' dir='ltr'>όμσιύ</span> 
     </span>
     <span class='ocr_line' id='line_1_11' title="bbox 153 1458 1226 1548; baseline 0.003 -23"><span class='ocrx_word' id='word_1_85' title='bbox 153 1485 248 1544; x_wconf 82' lang='grc' dir='ltr'>φησιν</span> <span class='ocrx_word' id='word_1_86' title='bbox 275 1458 350 1526; x_wconf 82' lang='grc' dir='ltr'>εἶναι</span> <span class='ocrx_word' id='word_1_87' title='bbox 381 1467 419 1526; x_wconf 82' lang='grc' dir='ltr'>τὰ</span> <span class='ocrx_word' id='word_1_88' title='bbox 447 1467 551 1547; x_wconf 73' lang='grc' dir='ltr'>γήθυα</span> <span class='ocrx_word' id='word_1_89' title='bbox 580 1474 642 1539; x_wconf 82' lang='grc' dir='ltr'>τοῖς</span> <span class='ocrx_word' id='word_1_90' title='bbox 663 1465 829 1547; x_wconf 77' lang='grc' dir='ltr'>λεγομένοις</span> <span class='ocrx_word' id='word_1_91' title='bbox 850 1467 1107 1548; x_wconf 77' lang='grc' dir='ltr'>ἀμπελοπράσοις,</span> <span class='ocrx_word' id='word_1_92' title='bbox 1130 1469 1168 1528; x_wconf 82' lang='grc' dir='ltr'>τὰ</span> <span class='ocrx_word' id='word_1_93' title='bbox 1190 1465 1226 1540; x_wconf 57' lang='grc' dir='ltr'><strong><em>δῖ</em></strong></span> 
     </span>
     <span class='ocr_line' id='line_1_12' title="bbox 154 1570 1226 1656; baseline 0.005 -27"><span class='ocrx_word' id='word_1_94' title='bbox 154 1570 234 1630; x_wconf 81' lang='grc' dir='ltr'><strong><em>αὐτὰ</em></strong></span> <span class='ocrx_word' id='word_1_95' title='bbox 262 1571 312 1630; x_wconf 80' lang='grc' dir='ltr'>καὶ</span> <span class='ocrx_word' id='word_1_96' title='bbox 340 1572 526 1652; x_wconf 74' lang='grc' dir='ltr'>γηθυλλίδας</span> <span class='ocrx_word' id='word_1_97' title='bbox 555 1572 765 1654; x_wconf 76' lang='grc' dir='ltr'>(ἐπιθυλλίιλας</span> <span class='ocrx_word' id='word_1_98' title='bbox 793 1572 856 1633; x_wconf 87' lang='lat' dir='ltr'><strong>eod.</strong></span> <span class='ocrx_word' id='word_1_99' title='bbox 887 1583 915 1632; x_wconf 89' lang='lat' dir='ltr'>et</span> <span class='ocrx_word' id='word_1_100' title='bbox 943 1574 1041 1655; x_wconf 74' lang='lat' dir='ltr'><strong>Eunt.)</strong></span> <span class='ocrx_word' id='word_1_101' title='bbox 1075 1572 1226 1656; x_wconf 64' lang='grc' dir='ltr'>λέγεσθαι.</span> 
     </span>
     <span class='ocr_line' id='line_1_13' title="bbox 152 1675 1227 1760; baseline 0.007 -28"><span class='ocrx_word' id='word_1_102' title='bbox 152 1675 264 1743; x_wconf 82' lang='lat' dir='ltr'><strong>Attuli,</strong></span> <span class='ocrx_word' id='word_1_103' title='bbox 293 1680 363 1756; x_wconf 80' lang='lat' dir='ltr'><strong>quie</strong></span> <span class='ocrx_word' id='word_1_104' title='bbox 383 1677 513 1738; x_wconf 83' lang='lat' dir='ltr'><strong>Schmidt</strong></span> <span class='ocrx_word' id='word_1_105' title='bbox 534 1700 563 1758; x_wconf 88' lang='lat' dir='ltr'>p.</span> <span class='ocrx_word' id='word_1_106' title='bbox 582 1685 620 1740; x_wconf 82' lang='lat'>51</span> <span class='ocrx_word' id='word_1_107' title='bbox 645 1677 731 1737; x_wconf 86' lang='lat' dir='ltr'><strong>dicit:</strong></span> <span class='ocrx_word' id='word_1_108' title='bbox 765 1675 886 1760; x_wconf 67' lang='lat' dir='ltr'><strong>„subet</strong></span> <span class='ocrx_word' id='word_1_109' title='bbox 908 1675 941 1738; x_wconf 73' lang='grc' dir='ltr'>δὲ</span> <span class='ocrx_word' id='word_1_110' title='bbox 964 1676 1009 1739; x_wconf 78' lang='grc' dir='ltr'>-οἷ</span> <span class='ocrx_word' id='word_1_111' title='bbox 1031 1676 1064 1740; x_wconf 72' lang='grc' dir='ltr'>δὲ</span> <span class='ocrx_word' id='word_1_112' title='bbox 1092 1679 1160 1738; x_wconf 89' lang='lat' dir='ltr'><strong>uide</strong></span> <span class='ocrx_word' id='word_1_113' title='bbox 1189 1701 1227 1740; x_wconf 88' lang='lat' dir='ltr'>ne</span> 
     </span>
     <span class='ocr_line' id='line_1_14' title="bbox 152 1779 1226 1868; baseline 0.006 -31"><span class='ocrx_word' id='word_1_114' title='bbox 152 1779 264 1838; x_wconf 73' lang='lat' dir='ltr'><strong>lateant</strong></span> <span class='ocrx_word' id='word_1_115' title='bbox 284 1782 441 1862; x_wconf 81' lang='lat' dir='ltr'><strong>Lycophro</strong></span> <span class='ocrx_word' id='word_1_116' title='bbox 471 1793 500 1842; x_wconf 87' lang='lat' dir='ltr'>ot</span> <span class='ocrx_word' id='word_1_117' title='bbox 524 1783 761 1856; x_wconf 80' lang='lat' dir='ltr'><strong>Eratosthenes,“</strong></span> <span class='ocrx_word' id='word_1_118' title='bbox 793 1786 856 1864; x_wconf 81' lang='lat' dir='ltr'><strong>ipse</strong></span> <span class='ocrx_word' id='word_1_119' title='bbox 877 1783 1010 1844; x_wconf 83' lang='lat' dir='ltr'><strong>idoneam</strong></span> <span class='ocrx_word' id='word_1_120' title='bbox 1032 1804 1146 1844; x_wconf 80' lang='lat' dir='ltr'><strong>causam</strong></span> <span class='ocrx_word' id='word_1_121' title='bbox 1167 1805 1226 1868; x_wconf 87' lang='lat' dir='ltr'>non</span> 
     </span>
     <span class='ocr_line' id='line_1_15' title="bbox 154 1882 1224 1970; baseline 0.004 -26"><span class='ocrx_word' id='word_1_122' title='bbox 154 1882 248 1944; x_wconf 87' lang='lat' dir='ltr'><strong>uideo.</strong></span> <span class='ocrx_word' id='word_1_123' title='bbox 288 1887 331 1946; x_wconf 79' lang='lat' dir='ltr'>cf.</span> <span class='ocrx_word' id='word_1_124' title='bbox 353 1887 518 1966; x_wconf 71' lang='lat' dir='ltr'><strong>symmach.</strong></span> <span class='ocrx_word' id='word_1_125' title='bbox 541 1889 630 1948; x_wconf 83' lang='lat' dir='ltr'><strong>schol.</strong></span> <span class='ocrx_word' id='word_1_126' title='bbox 653 1890 710 1969; x_wconf 85' lang='lat' dir='ltr'>Eq.</span> <span class='ocrx_word' id='word_1_127' title='bbox 734 1897 805 1957; x_wconf 85' lang='grc'><strong>677.</strong></span> <span class='ocrx_word' id='word_1_128' title='bbox 835 1889 925 1970; x_wconf 81' lang='lat' dir='ltr'><strong>Vesp,</strong></span> <span class='ocrx_word' id='word_1_129' title='bbox 942 1896 1012 1953; x_wconf 85' lang='grc'><strong>496.</strong></span> <span class='ocrx_word' id='word_1_130' title='bbox 1049 1891 1136 1969; x_wconf 77' lang='lat' dir='ltr'><strong>Frag.</strong></span> <span class='ocrx_word' id='word_1_131' title='bbox 1153 1911 1224 1950; x_wconf 80' lang='lat' dir='ltr'><strong>com.</strong></span> 
     </span>
     <span class='ocr_line' id='line_1_16' title="bbox 154 1994 279 2056; baseline 0.032 -5"><span class='ocrx_word' id='word_1_132' title='bbox 154 1994 183 2052; x_wconf 94' lang='lat' dir='ltr'>II</span> <span class='ocrx_word' id='word_1_133' title='bbox 208 1996 279 2056; x_wconf 80' lang='grc'>584.</span> 
     </span>
    </p>
   </div>
   <div class='ocr_carea' id='block_1_4' title="bbox 146 2204 1224 3339">
    <p class='ocr_par' dir='ltr' id='par_1_4' title="bbox 147 2204 1224 3024">
     <span class='ocr_line' id='line_1_17' title="bbox 238 2204 1224 2286; baseline 0.001 -23"><span class='ocrx_word' id='word_1_134' title='bbox 238 2207 292 2264; x_wconf 86' lang='grc'>31.</span> <span class='ocrx_word' id='word_1_135' title='bbox 315 2206 374 2266; x_wconf 85' lang='grc' dir='ltr'>Εα.</span> <span class='ocrx_word' id='word_1_136' title='bbox 418 2205 513 2264; x_wconf 81' lang='lat' dir='ltr'><strong>Schol.</strong></span> <span class='ocrx_word' id='word_1_137' title='bbox 528 2205 616 2284; x_wconf 85' lang='lat' dir='ltr'><strong>Vesp.</strong></span> <span class='ocrx_word' id='word_1_138' title='bbox 637 2209 714 2267; x_wconf 88' lang='grc'>1086</span> <span class='ocrx_word' id='word_1_139' title='bbox 737 2207 768 2264; x_wconf 95' lang='grc' dir='ltr'><strong><em>Γ</em></strong></span> <span class='ocrx_word' id='word_1_140' title='bbox 773 2205 876 2277; x_wconf 81' lang='grc' dir='ltr'>λαύξ.</span> <span class='ocrx_word' id='word_1_141' title='bbox 918 2204 963 2264; x_wconf 85' lang='grc' dir='ltr'>Τὸ</span> <span class='ocrx_word' id='word_1_142' title='bbox 984 2205 1075 2286; x_wconf 87' lang='grc' dir='ltr'>γλασξ</span> <span class='ocrx_word' id='word_1_143' title='bbox 1096 2205 1224 2284; x_wconf 84' lang='grc' dir='ltr'>(γλαῦκα</span> 
     </span>
     <span class='ocr_line' id='line_1_18' title="bbox 150 2305 1222 2392; baseline 0.004 -26"><span class='ocrx_word' id='word_1_144' title='bbox 150 2307 193 2388; x_wconf 88' lang='lat' dir='ltr'>V)</span> <span class='ocrx_word' id='word_1_145' title='bbox 217 2305 320 2387; x_wconf 86' lang='grc' dir='ltr'>όνομα,</span> <span class='ocrx_word' id='word_1_146' title='bbox 344 2309 436 2389; x_wconf 74' lang='grc' dir='ltr'>φησὶν</span> <span class='ocrx_word' id='word_1_147' title='bbox 456 2308 634 2391; x_wconf 79' lang='grc' dir='ltr'>Εὐφρόνιος,</span> <span class='ocrx_word' id='word_1_148' title='bbox 657 2306 684 2370; x_wconf 76' lang='grc' dir='ltr'>οἱ</span> <span class='ocrx_word' id='word_1_149' title='bbox 707 2308 767 2392; x_wconf 80' lang='grc' dir='ltr'>(ὅτι</span> <span class='ocrx_word' id='word_1_150' title='bbox 784 2309 825 2391; x_wconf 86' lang='lat' dir='ltr'>V)</span> <span class='ocrx_word' id='word_1_151' title='bbox 843 2306 973 2370; x_wconf 79' lang='grc' dir='ltr'>Ἀττικοὶ</span> <span class='ocrx_word' id='word_1_152' title='bbox 995 2305 1051 2387; x_wconf 77' lang='grc' dir='ltr'>μὲν</span> <span class='ocrx_word' id='word_1_153' title='bbox 1071 2317 1222 2390; x_wconf 92' lang='grc' dir='ltr'>περισπῶ-</span> 
     </span>
     <span class='ocr_line' id='line_1_19' title="bbox 149 2410 1221 2494; baseline 0.003 -21"><span class='ocrx_word' id='word_1_154' title='bbox 149 2432 207 2486; x_wconf 87' lang='grc' dir='ltr'>σιν,</span> <span class='ocrx_word' id='word_1_155' title='bbox 231 2411 258 2474; x_wconf 64' lang='lat' dir='ltr'>oi</span> <span class='ocrx_word' id='word_1_156' title='bbox 284 2413 317 2474; x_wconf 76' lang='grc' dir='ltr'>(λὲ</span> <span class='ocrx_word' id='word_1_157' title='bbox 339 2414 468 2494; x_wconf 65' lang='grc' dir='ltr'>Ᾰοιριεῖς</span> <span class='ocrx_word' id='word_1_158' title='bbox 489 2416 650 2488; x_wconf 86' lang='grc' dir='ltr'>ὀξύνουσιν.</span> <span class='ocrx_word' id='word_1_159' title='bbox 696 2418 823 2474; x_wconf 83' lang='grc' dir='ltr'><strong><em>Γλαῦκα</em></strong></span> <span class='ocrx_word' id='word_1_160' title='bbox 845 2411 878 2474; x_wconf 76' lang='grc' dir='ltr'>δὲ</span> <span class='ocrx_word' id='word_1_161' title='bbox 900 2414 955 2492; x_wconf 80' lang='grc' dir='ltr'>τὴν</span> <span class='ocrx_word' id='word_1_162' title='bbox 976 2410 1107 2493; x_wconf 63' lang='grc' dir='ltr'>Ἀθηνᾶν</span> <span class='ocrx_word' id='word_1_163' title='bbox 1128 2418 1221 2476; x_wconf 84' lang='grc' dir='ltr'>καλεῖ.</span> 
     </span>
     <span class='ocr_line' id='line_1_20' title="bbox 149 2510 1223 2602; baseline 0.001 -24"><span class='ocrx_word' id='word_1_164' title='bbox 149 2510 303 2602; x_wconf 74' lang='grc' dir='ltr'>[Ἄλλως]</span> <span class='ocrx_word' id='word_1_165' title='bbox 344 2521 424 2582; x_wconf 78' lang='grc' dir='ltr'>Φασὶ</span> <span class='ocrx_word' id='word_1_166' title='bbox 448 2518 507 2601; x_wconf 72' lang='grc' dir='ltr'>(δὲ)</span> <span class='ocrx_word' id='word_1_167' title='bbox 527 2521 606 2580; x_wconf 86' lang='grc' dir='ltr'><strong><em>κατὰ</em></strong></span> <span class='ocrx_word' id='word_1_168' title='bbox 628 2521 663 2581; x_wconf 86' lang='grc' dir='ltr'>τό</span> <span class='ocrx_word' id='word_1_169' title='bbox 685 2517 800 2601; x_wconf 73' lang='grc' dir='ltr'>ἀληθὲς</span> <span class='ocrx_word' id='word_1_170' title='bbox 821 2521 936 2600; x_wconf 83' lang='grc' dir='ltr'>γλαῦκα</span> <span class='ocrx_word' id='word_1_171' title='bbox 958 2518 1148 2581; x_wconf 75' lang='grc' dir='ltr'>όιαπτᾶσθαι</span> <span class='ocrx_word' id='word_1_172' title='bbox 1168 2521 1223 2599; x_wconf 80' lang='grc' dir='ltr'>τὴν</span> 
     </span>
     <span class='ocr_line' id='line_1_21' title="bbox 150 2622 1221 2706; baseline 0.002 -24"><span class='ocrx_word' id='word_1_173' title='bbox 150 2623 235 2702; x_wconf 82' lang='grc' dir='ltr'>νίκην</span> <span class='ocrx_word' id='word_1_174' title='bbox 250 2631 313 2696; x_wconf 81' lang='grc' dir='ltr'>τοῖς</span> <span class='ocrx_word' id='word_1_175' title='bbox 329 2622 503 2704; x_wconf 77' lang='grc' dir='ltr'>Ἀθηναίοις</span> <span class='ocrx_word' id='word_1_176' title='bbox 520 2624 770 2706; x_wconf 76' lang='grc' dir='ltr'>ἀπαγγέλλουσαν,</span> <span class='ocrx_word' id='word_1_177' title='bbox 806 2625 917 2687; x_wconf 77' lang='lat' dir='ltr'><strong>Ultima</strong></span> <span class='ocrx_word' id='word_1_178' title='bbox 931 2625 1052 2684; x_wconf 78' lang='lat' dir='ltr'><strong>fortasse</strong></span> <span class='ocrx_word' id='word_1_179' title='bbox 1066 2623 1221 2686; x_wconf 80' lang='lat' dir='ltr'><strong>Callistreti</strong></span> 
     </span>
     <span class='ocr_line' id='line_1_22' title="bbox 147 2724 1222 2814; baseline 0.004 -26"><span class='ocrx_word' id='word_1_180' title='bbox 147 2738 225 2789; x_wconf 79' lang='lat' dir='ltr'><strong>eunt.</strong></span> <span class='ocrx_word' id='word_1_181' title='bbox 271 2732 353 2791; x_wconf 83' lang='lat' dir='ltr'><strong>Eust.</strong></span> <span class='ocrx_word' id='word_1_182' title='bbox 382 2738 472 2814; x_wconf 83' lang='grc'>1451,</span> <span class='ocrx_word' id='word_1_183' title='bbox 495 2737 534 2794; x_wconf 87' lang='grc'>64</span> <span class='ocrx_word' id='word_1_184' title='bbox 565 2732 614 2811; x_wconf 85' lang='lat' dir='ltr'><strong>(ef.</strong></span> <span class='ocrx_word' id='word_1_185' title='bbox 639 2736 688 2804; x_wconf 92' lang='grc'>88,</span> <span class='ocrx_word' id='word_1_186' title='bbox 711 2731 744 2812; x_wconf 88' lang='grc'>4)</span> <span class='ocrx_word' id='word_1_187' title='bbox 773 2765 817 2775; x_wconf 91' lang='lat'>-—</span> <span class='ocrx_word' id='word_1_188' title='bbox 846 2725 871 2789; x_wconf 76' lang='grc' dir='ltr'>οἱ</span> <span class='ocrx_word' id='word_1_189' title='bbox 894 2728 1025 2789; x_wconf 87' lang='grc' dir='ltr'>παλαιοί.</span> <span class='ocrx_word' id='word_1_190' title='bbox 1069 2727 1155 2813; x_wconf 75' lang='grc' dir='ltr'>Παρ’</span> <span class='ocrx_word' id='word_1_191' title='bbox 1178 2724 1222 2803; x_wconf 81' lang='grc' dir='ltr'>οἷς</span> 
     </span>
     <span class='ocr_line' id='line_1_23' title="bbox 148 2831 1220 2918; baseline 0.002 -23"><span class='ocrx_word' id='word_1_192' title='bbox 148 2836 200 2896; x_wconf 79' lang='grc' dir='ltr'>καλ</span> <span class='ocrx_word' id='word_1_193' title='bbox 231 2835 249 2913; x_wconf 81' lang='grc' dir='ltr'><em>ἡ</em></span> <span class='ocrx_word' id='word_1_194' title='bbox 278 2837 370 2916; x_wconf 81' lang='grc' dir='ltr'>γλαῦξ</span> <span class='ocrx_word' id='word_1_195' title='bbox 398 2845 590 2918; x_wconf 87' lang='grc' dir='ltr'>περισπᾶται.</span> <span class='ocrx_word' id='word_1_196' title='bbox 639 2833 681 2896; x_wconf 79' lang='lat' dir='ltr'>O‘t&#39;</span> <span class='ocrx_word' id='word_1_197' title='bbox 706 2835 757 2896; x_wconf 79' lang='grc' dir='ltr'>καὶ</span> <span class='ocrx_word' id='word_1_198' title='bbox 787 2834 947 2908; x_wconf 75' lang='grc' dir='ltr'>ὀξύνεσθαι</span> <span class='ocrx_word' id='word_1_199' title='bbox 971 2831 1028 2912; x_wconf 72' lang='grc' dir='ltr'>μὲν</span> <span class='ocrx_word' id='word_1_200' title='bbox 1048 2831 1163 2915; x_wconf 70' lang='grc' dir='ltr'>λέγουσι</span> <span class='ocrx_word' id='word_1_201' title='bbox 1185 2837 1220 2897; x_wconf 84' lang='grc' dir='ltr'>τὸ</span> 
     </span>
     <span class='ocr_line' id='line_1_24' title="bbox 147 2941 527 3024; baseline 0.011 -23"><span class='ocrx_word' id='word_1_202' title='bbox 147 2942 250 3023; x_wconf 81' lang='grc' dir='ltr'>γλαύξ,</span> <span class='ocrx_word' id='word_1_203' title='bbox 272 2941 349 3020; x_wconf 84' lang='grc' dir='ltr'>πλὴν</span> <span class='ocrx_word' id='word_1_204' title='bbox 371 2941 527 3024; x_wconf 83' lang='grc' dir='ltr'>Δωρικῶς.</span> 
     </span>
    </p>

    <p class='ocr_par' dir='ltr' id='par_1_5' title="bbox 146 3043 1220 3339">
     <span class='ocr_line' id='line_1_25' title="bbox 233 3043 1217 3128; baseline 0.002 -23"><span class='ocrx_word' id='word_1_205' title='bbox 233 3046 298 3107; x_wconf 92' lang='lat' dir='ltr'><strong>Ion.</strong></span> <span class='ocrx_word' id='word_1_206' title='bbox 329 3047 412 3106; x_wconf 82' lang='lat' dir='ltr'>Alex.</span> <span class='ocrx_word' id='word_1_207' title='bbox 438 3056 466 3122; x_wconf 86' lang='grc'>7,</span> <span class='ocrx_word' id='word_1_208' title='bbox 484 3053 523 3110; x_wconf 81' lang='lat'>26</span> <span class='ocrx_word' id='word_1_209' title='bbox 555 3046 678 3128; x_wconf 82' lang='lat' dir='ltr'><strong>(Herod.</strong></span> <span class='ocrx_word' id='word_1_210' title='bbox 701 3052 716 3110; x_wconf 97' lang='lat' dir='ltr'>I</span> <span class='ocrx_word' id='word_1_211' title='bbox 741 3052 813 3121; x_wconf 87' lang='grc'>397,</span> <span class='ocrx_word' id='word_1_212' title='bbox 834 3046 884 3128; x_wconf 84' lang='grc'>17)</span> <span class='ocrx_word' id='word_1_213' title='bbox 919 3045 964 3106; x_wconf 87' lang='grc' dir='ltr'>Τό</span> <span class='ocrx_word' id='word_1_214' title='bbox 992 3043 1025 3105; x_wconf 79' lang='grc' dir='ltr'>δὲ</span> <span class='ocrx_word' id='word_1_215' title='bbox 1053 3047 1145 3126; x_wconf 84' lang='grc' dir='ltr'>γλαοξ</span> <span class='ocrx_word' id='word_1_216' title='bbox 1166 3048 1217 3107; x_wconf 79' lang='grc' dir='ltr'>καὶ</span> 
     </span>
     <span class='ocr_line' id='line_1_26' title="bbox 147 3148 1220 3235; baseline 0 -23"><span class='ocrx_word' id='word_1_217' title='bbox 147 3151 198 3224; x_wconf 77' lang='grc' dir='ltr'>αἰξ</span> <span class='ocrx_word' id='word_1_218' title='bbox 226 3149 305 3234; x_wconf 77' lang='grc' dir='ltr'>παρ’</span> <span class='ocrx_word' id='word_1_219' title='bbox 334 3153 407 3231; x_wconf 71' lang='grc' dir='ltr'>ἡμῖν</span> <span class='ocrx_word' id='word_1_220' title='bbox 436 3150 491 3232; x_wconf 72' lang='grc' dir='ltr'>μὲν</span> <span class='ocrx_word' id='word_1_221' title='bbox 520 3154 664 3230; x_wconf 77' lang='grc' dir='ltr'>ὀξύνεται,</span> <span class='ocrx_word' id='word_1_222' title='bbox 693 3154 776 3235; x_wconf 88' lang='grc' dir='ltr'>παρὰ</span> <span class='ocrx_word' id='word_1_223' title='bbox 805 3149 838 3212; x_wconf 68' lang='grc' dir='ltr'>(λε’</span> <span class='ocrx_word' id='word_1_224' title='bbox 854 3148 1030 3230; x_wconf 72' lang='grc' dir='ltr'>Ἀθηναίοις</span> <span class='ocrx_word' id='word_1_225' title='bbox 1051 3151 1100 3212; x_wconf 81' lang='grc' dir='ltr'>καὶ</span> <span class='ocrx_word' id='word_1_226' title='bbox 1123 3152 1220 3212; x_wconf 77' lang='grc' dir='ltr'><strong><em>ταῦτά</em></strong></span> 
     </span>
     <span class='ocr_line' id='line_1_27' title="bbox 146 3255 817 3339; baseline 0 -20"><span class='ocrx_word' id='word_1_227' title='bbox 146 3279 225 3329; x_wconf 81' lang='grc' dir='ltr'>τινες</span> <span class='ocrx_word' id='word_1_228' title='bbox 246 3265 439 3339; x_wconf 80' lang='grc' dir='ltr'>περισπῶσιν.</span> <span class='ocrx_word' id='word_1_229' title='bbox 485 3255 530 3323; x_wconf 82' lang='lat' dir='ltr'><strong>Ot&#39;.</strong></span> <span class='ocrx_word' id='word_1_230' title='bbox 554 3261 603 3318; x_wconf 87' lang='lat' dir='ltr'>Et.</span> <span class='ocrx_word' id='word_1_231' title='bbox 626 3259 668 3318; x_wconf 90' lang='lat' dir='ltr'>M.</span> <span class='ocrx_word' id='word_1_232' title='bbox 694 3265 743 3332; x_wconf 84' lang='grc'>36,</span> <span class='ocrx_word' id='word_1_233' title='bbox 768 3265 817 3324; x_wconf 91' lang='grc'>55.</span> 
     </span>
    </p>
   </div>
   <div class='ocr_carea' id='block_1_5' title="bbox 143 3463 1217 4184">
    <p class='ocr_par' dir='ltr' id='par_1_6' title="bbox 143 3463 1217 4184">
     <span class='ocr_line' id='line_1_28' title="bbox 231 3463 1216 3552; baseline 0 -22"><span class='ocrx_word' id='word_1_234' title='bbox 231 3473 289 3533; x_wconf 81' lang='lat'>32.</span> <span class='ocrx_word' id='word_1_235' title='bbox 312 3473 371 3532; x_wconf 85' lang='grc' dir='ltr'>Εα.</span> <span class='ocrx_word' id='word_1_236' title='bbox 411 3470 507 3529; x_wconf 85' lang='lat' dir='ltr'><strong>Schol.</strong></span> <span class='ocrx_word' id='word_1_237' title='bbox 530 3472 586 3528; x_wconf 89' lang='lat' dir='ltr'>Av.</span> <span class='ocrx_word' id='word_1_238' title='bbox 612 3475 681 3532; x_wconf 86' lang='grc'>358.</span> <span class='ocrx_word' id='word_1_239' title='bbox 713 3470 742 3526; x_wconf 89' lang='grc' dir='ltr'>Γ</span> <span class='ocrx_word' id='word_1_240' title='bbox 746 3467 841 3552; x_wconf 83' lang='grc' dir='ltr'>λαῦξ</span> <span class='ocrx_word' id='word_1_241' title='bbox 861 3463 918 3544; x_wconf 80' lang='grc' dir='ltr'>μὲν</span> <span class='ocrx_word' id='word_1_242' title='bbox 939 3466 974 3526; x_wconf 88' lang='grc' dir='ltr'>ού</span> <span class='ocrx_word' id='word_1_243' title='bbox 993 3463 1126 3549; x_wconf 90' lang='grc' dir='ltr'>πρόσεισι</span> <span class='ocrx_word' id='word_1_244' title='bbox 1148 3469 1216 3550; x_wconf 80' lang='grc' dir='ltr'>νῷν.</span> 
     </span>
     <span class='ocr_line' id='line_1_29' title="bbox 151 3569 1217 3658; baseline -0.003 -23"><span class='ocrx_word' id='word_1_245' title='bbox 151 3573 197 3635; x_wconf 74' lang='lat' dir='ltr'>ot</span> <span class='ocrx_word' id='word_1_246' title='bbox 218 3573 269 3633; x_wconf 71' lang='grc' dir='ltr'>διὰ</span> <span class='ocrx_word' id='word_1_247' title='bbox 297 3574 352 3653; x_wconf 83' lang='grc' dir='ltr'>τὴν</span> <span class='ocrx_word' id='word_1_248' title='bbox 369 3574 486 3658; x_wconf 82' lang='grc' dir='ltr'>χύτραν</span> <span class='ocrx_word' id='word_1_249' title='bbox 509 3576 544 3635; x_wconf 89' lang='grc' dir='ltr'>ού</span> <span class='ocrx_word' id='word_1_250' title='bbox 568 3572 729 3656; x_wconf 88' lang='grc' dir='ltr'>πρόσεισιν,</span> <span class='ocrx_word' id='word_1_251' title='bbox 753 3572 794 3643; x_wconf 86' lang='grc' dir='ltr'>ὡς</span> <span class='ocrx_word' id='word_1_252' title='bbox 816 3569 994 3654; x_wconf 80' lang='grc' dir='ltr'>Εὐφρόνιος.</span> <span class='ocrx_word' id='word_1_253' title='bbox 1043 3574 1142 3633; x_wconf 76' lang='grc' dir='ltr'>Τοῦτο</span> <span class='ocrx_word' id='word_1_254' title='bbox 1160 3574 1217 3654; x_wconf 86' lang='grc' dir='ltr'>γὰρ</span> 
     </span>
     <span class='ocr_line' id='line_1_30' title="bbox 145 3673 1217 3762; baseline -0.002 -22"><span class='ocrx_word' id='word_1_255' title='bbox 145 3687 251 3750; x_wconf 84' lang='grc' dir='ltr'>κοινῶς</span> <span class='ocrx_word' id='word_1_256' title='bbox 283 3677 383 3740; x_wconf 79' lang='grc' dir='ltr'>πάντα</span> <span class='ocrx_word' id='word_1_257' title='bbox 415 3679 453 3739; x_wconf 83' lang='grc' dir='ltr'>τὰ</span> <span class='ocrx_word' id='word_1_258' title='bbox 486 3678 575 3762; x_wconf 86' lang='grc' dir='ltr'>όρνεα</span> <span class='ocrx_word' id='word_1_259' title='bbox 604 3678 782 3762; x_wconf 46' lang='lat' dir='ltr'><strong>(portentent).</strong></span> <span class='ocrx_word' id='word_1_260' title='bbox 822 3674 913 3738; x_wconf 80' lang='grc' dir='ltr'>Ἀλλὰ</span> <span class='ocrx_word' id='word_1_261' title='bbox 941 3676 992 3738; x_wconf 72' lang='grc' dir='ltr'>διὰ</span> <span class='ocrx_word' id='word_1_262' title='bbox 1022 3676 1057 3737; x_wconf 84' lang='grc' dir='ltr'>τὸ</span> <span class='ocrx_word' id='word_1_263' title='bbox 1079 3673 1217 3739; x_wconf 76' lang='grc' dir='ltr'>Ἀττικὸν</span> 
     </span>
     <span class='ocr_line' id='line_1_31' title="bbox 145 3777 1216 3868; baseline -0.002 -24"><span class='ocrx_word' id='word_1_264' title='bbox 145 3777 220 3844; x_wconf 76' lang='grc' dir='ltr'>εἶναι</span> <span class='ocrx_word' id='word_1_265' title='bbox 243 3785 278 3844; x_wconf 82' lang='grc' dir='ltr'>τὸ</span> <span class='ocrx_word' id='word_1_266' title='bbox 300 3783 383 3868; x_wconf 81' lang='grc' dir='ltr'>ζῷον,</span> <span class='ocrx_word' id='word_1_267' title='bbox 403 3781 533 3847; x_wconf 79' lang='grc' dir='ltr'>Ἀττικοὶ</span> <span class='ocrx_word' id='word_1_268' title='bbox 556 3784 589 3846; x_wconf 75' lang='grc' dir='ltr'>δὲ</span> <span class='ocrx_word' id='word_1_269' title='bbox 610 3786 659 3845; x_wconf 81' lang='grc' dir='ltr'>καὶ</span> <span class='ocrx_word' id='word_1_270' title='bbox 680 3784 776 3844; x_wconf 82' lang='grc' dir='ltr'>αὐτοί.</span> <span class='ocrx_word' id='word_1_271' title='bbox 822 3783 864 3844; x_wconf 81' lang='lat' dir='ltr'>cf.</span> <span class='ocrx_word' id='word_1_272' title='bbox 888 3783 976 3842; x_wconf 82' lang='lat' dir='ltr'><strong>schol.</strong></span> <span class='ocrx_word' id='word_1_273' title='bbox 1001 3790 1072 3846; x_wconf 81' lang='grc'>357.</span> <span class='ocrx_word' id='word_1_274' title='bbox 1115 3784 1216 3862; x_wconf 89' lang='grc' dir='ltr'>Λαμ-</span> 
     </span>
     <span class='ocr_line' id='line_1_32' title="bbox 143 3885 1215 3973; baseline -0.002 -23"><span class='ocrx_word' id='word_1_275' title='bbox 143 3889 248 3967; x_wconf 72' lang='grc' dir='ltr'>,ύάνειν</span> <span class='ocrx_word' id='word_1_276' title='bbox 269 3912 301 3951; x_wconf 82' lang='grc' dir='ltr'>τε</span> <span class='ocrx_word' id='word_1_277' title='bbox 322 3898 383 3951; x_wconf 85' lang='grc' dir='ltr'>τῶν</span> <span class='ocrx_word' id='word_1_278' title='bbox 401 3899 532 3973; x_wconf 82' lang='grc' dir='ltr'>χυτρῶν.</span> <span class='ocrx_word' id='word_1_279' title='bbox 571 3894 716 3972; x_wconf 77' lang='grc' dir='ltr'>Φοβεῖται</span> <span class='ocrx_word' id='word_1_280' title='bbox 739 3889 796 3971; x_wconf 85' lang='grc' dir='ltr'>γὰρ</span> <span class='ocrx_word' id='word_1_281' title='bbox 811 3889 866 3967; x_wconf 80' lang='grc' dir='ltr'>τὴν</span> <span class='ocrx_word' id='word_1_282' title='bbox 876 3889 993 3972; x_wconf 80' lang='grc' dir='ltr'>χύτραν</span> <span class='ocrx_word' id='word_1_283' title='bbox 1008 3886 1046 3947; x_wconf 85' lang='grc' dir='ltr'>τὰ</span> <span class='ocrx_word' id='word_1_284' title='bbox 1062 3885 1149 3971; x_wconf 82' lang='grc' dir='ltr'>ὄρνεα</span> <span class='ocrx_word' id='word_1_285' title='bbox 1164 3888 1215 3949; x_wconf 80' lang='grc' dir='ltr'>διὰ</span> 
     </span>
     <span class='ocr_line' id='line_1_33' title="bbox 144 3991 1215 4078; baseline -0.002 -22"><span class='ocrx_word' id='word_1_286' title='bbox 144 3996 179 4056; x_wconf 83' lang='grc' dir='ltr'>τὸ</span> <span class='ocrx_word' id='word_1_287' title='bbox 209 3999 305 4074; x_wconf 81' lang='grc' dir='ltr'>μέλαν</span> <span class='ocrx_word' id='word_1_288' title='bbox 338 3997 431 4074; x_wconf 79' lang='grc' dir='ltr'>αὐτῆς</span> <span class='ocrx_word' id='word_1_289' title='bbox 464 3995 565 4078; x_wconf 78' lang='grc' dir='ltr'>(μέλος</span> <span class='ocrx_word' id='word_1_290' title='bbox 597 3998 698 4058; x_wconf 80' lang='grc' dir='ltr'>αὐτῶν</span> <span class='ocrx_word' id='word_1_291' title='bbox 730 3994 819 4077; x_wconf 81' lang='lat' dir='ltr'><strong>ood.).</strong></span> <span class='ocrx_word' id='word_1_292' title='bbox 861 3992 910 4053; x_wconf 87' lang='lat' dir='ltr'>Ad</span> <span class='ocrx_word' id='word_1_293' title='bbox 943 3991 1067 4054; x_wconf 84' lang='lat' dir='ltr'><strong>eundem</strong></span> <span class='ocrx_word' id='word_1_294' title='bbox 1096 3995 1215 4054; x_wconf 80' lang='lat' dir='ltr'><strong>fortasse</strong></span> 
     </span>
     <span class='ocr_line' id='line_1_34' title="bbox 144 4101 553 4184; baseline -0.005 -22"><span class='ocrx_word' id='word_1_295' title='bbox 144 4104 270 4184; x_wconf 81' lang='lat' dir='ltr'><strong>pertinet</strong></span> <span class='ocrx_word' id='word_1_296' title='bbox 291 4101 379 4161; x_wconf 83' lang='lat' dir='ltr'><strong>sehol.</strong></span> <span class='ocrx_word' id='word_1_297' title='bbox 404 4104 458 4160; x_wconf 85' lang='lat' dir='ltr'>Av.</span> <span class='ocrx_word' id='word_1_298' title='bbox 485 4109 553 4166; x_wconf 86' lang='grc'>365.</span> 
     </span>
    </p>
   </div>
   <div class='ocr_carea' id='block_1_6' title="bbox 195 4201 1024 4259">
    <p class='ocr_par' dir='ltr' id='par_1_7' title="bbox 195 4201 1024 4259">
     <span class='ocr_line' id='line_1_35' title="bbox 195 4201 1024 4259; baseline -0.001 -7"><span class='ocrx_word' id='word_1_299' title='bbox 195 4211 335 4259; x_wconf 68' lang='lat' dir='ltr'><strong>stracten.</strong></span> <span class='ocrx_word' id='word_1_300' title='bbox 350 4211 485 4253; x_wconf 73' lang='lat' dir='ltr'><strong>Dissertatio.</strong></span> <span class='ocrx_word' id='word_1_301' title='bbox 1008 4201 1024 4255; x_wconf 83' lang='grc'>3</span> 
     </span>
    </p>
   </div>
   <div class='ocr_carea' id='block_1_7' title="bbox 0 0 1496 4740">
    <p class='ocr_par' dir='ltr' id='par_1_8' title="bbox 0 0 1496 4740">
     <span class='ocr_line' id='line_1_36' title="bbox 0 0 1496 4740; baseline 0 4"><span class='ocrx_word' id='word_1_302' title='bbox 0 0 1496 4740; x_wconf 95' lang='lat' dir='ltr'> </span> 
     </span>
    </p>
   </div>
  </div>
 </body>
</html>
