2984 4740
622 285 836 348 ..13-

189 454 334 527 afferetur,
364 457 517 514 nescimus.
562 456 635 516 Cum
663 464 760 514 entem
786 457 818 516 in
846 458 930 515 tertio
959 454 1034 514 libro
1060 455 1097 514 de
1118 457 1265 514 Reusrmn

190 557 254 617 loco
276 561 366 635 egerit
388 559 473 641 (frag.
491 559 573 642 199),
595 563 626 620 in
648 562 769 640 septimo
791 559 827 620 de
848 560 1030 620 Pherecratis
1044 559 1265 622 Metellensibus

194 661 280 743 (hog.
294 662 356 743 93),
380 666 411 723 in
433 673 535 726 octeno
556 665 677 726 fortasse
698 665 1112 746 dsLysisuata(trng.132),
1136 669 1165 730 in
1188 686 1265 725 nono

194 767 231 826 de
251 767 364 828 Avibus
386 768 471 850 (frug.
497 771 551 853 59)
573 780 602 831 et
623 773 726 830 incerti
746 774 847 832 comici
868 770 930 832 loco
952 770 1037 852 (frag.
1054 770 1136 852 119),
1160 774 1190 830 in
1211 792 1264 830 uu·

193 872 303 932 decimo
335 873 374 934 de
407 877 528 937 trutino
558 877 644 959 (frug.
669 877 732 958 25),
766 879 797 935 iu
828 874 997 937 duodecimo
1029 875 1066 935 de
1097 879 1266 956 quaestione

191 982 378 1054 grammatica
414 979 499 1061 (frug.
539 986 606 1063 47),
651 985 713 1042 inre
749 991 875 1041 statuere
910 980 1025 1041 uidetur
1060 980 1267 1060 Bernhardyus

193 1081 235 1163 (p.
260 1085 336 1166 294)
367 1086 495 1164 singulos
523 1090 618 1167 operis
639 1088 729 1148 libros
757 1087 838 1148 nullo
860 1089 996 1146 interiore
1017 1089 1189 1164 argumenti¹
1204 1090 1267 1146 uin-

193 1188 258 1248 culo
295 1209 422 1250 conexos
457 1190 579 1252 diuersis
613 1193 792 1273 temporibus
826 1193 936 1273 publici
971 1194 1041 1252 iuris
1072 1191 1162 1252 factos
1195 1211 1265 1254 esse.

192 1294 373 1354 Difficillime
407 1307 504 1358 eutem
534 1301 664 1378 quaestio
698 1308 741 1358 cst
771 1297 809 1358 de
839 1297 913 1358 libro
942 1299 992 1377 qui
1024 1299 1179 1375 inscriptus
1207 1306 1268 1356 erat

198 1394 453 1478 Ἀρχιτικτονικός
479 1403 564 1483 (frug.
593 1412 639 1476 17,
663 1404 727 1484 69).
772 1405 889 1463 Etenim
919 1421 1096 1483 quemquem
1124 1421 1176 1462 suo
1205 1405 1268 1462 iure

193 1504 402 1584 Bemharnyus
430 1506 590 1568 docuinam
619 1507 750 1567 aedificic
775 1506 905 1568 struendi
927 1507 982 1566 hcc
1010 1506 1084 1568 libro
1107 1510 1267 1586 expositam

193 1610 282 1668 fuisse
301 1613 429 1688 negauit,
452 1613 503 1672 sed
522 1613 774 1673 architectonicum
797 1633 855 1672 non
877 1612 1023 1672 diuersum
1045 1631 1108 1672 esse
1130 1615 1268 1672 statuite

161 1737 165 1746 ’
194 1716 887 1796 scenographicocommemoratocPolluceXl.
910 1715 1066 1795 Ἐνέτοχόν
1075 1739 1147 1778 ποτε
1157 1721 1269 1798 βιβλίῳ

193 1821 246 1881 τὸν
267 1817 463 1903 Ξενοφῶντος
484 1819 619 1884 Ἱππικὸν
643 1821 814 1903 ἶξηγεῖοθαι
844 1821 967 1904 λέγοντι.
1011 1822 1121 1903 Εὑοὼν
1142 1820 1176 1882 ‹l'
1200 1821 1267 1882 ὀνό-

193 1949 290 2004 ματος
311 1927 405 2008 κρίσει
429 1937 518 1990 τοῦτο
538 1927 631 2010 λρμιν
662 1925 885 2007 Ἐρατοσθένην
907 1927 937 1988 ἐν
959 1931 1002 2010 τῷ
1024 1929 1266 2011 Σκεοογραφιιιῷ,

195 2031 312 2110 ἐπῆλθέ
330 2056 381 2112 μοι
406 2032 503 2113 ζητεῖν
526 2034 560 2094 τὸ
578 2043 632 2094 τοῦ
646 2030 883 2112 Ἐρατοσθένους
902 2035 1022 2113 βιβλίον
1036 2034 1087 2095 (1ἰὰ
1101 2035 1136 2095 τὸ
1152 2056 1267 2114 προσα-

193 2138 289 2218 γιιιγὸν
311 2147 364 2217 τῆς
382 2139 527 2220 χρήσεως.
560 2135 614 2210 Ὡς
628 2137 660 2200 (λ’
677 2131 763 2222 εὗρον
776 2139 872 2218 μόλις,
889 2138 975 2200 οὐδὲν
989 2133 1067 2218 εἶχεν
1080 2132 1122 2200 ὧν
1137 2138 1267 2218 ἤλπιζον,

193 2253 291 2302 temen
311 2243 391 2323 quod
413 2247 475 2324 ipsc
497 2247 621 2325 profert,
644 2249 856 2306 commentariis
877 2249 908 2306 in
929 2257 1078 2326 poetarum
1100 2249 1268 2326 interprete·

193 2351 273 2408 tione
299 2352 419 2408 uersatis
447 2350 519 2409 alios
548 2349 715 2411 subiunctus
737 2353 825 2412 fuisse
846 2351 975 2412 subsidia
996 2353 1038 2410 rei
1060 2353 1189 2410 scenicae
1212 2349 1267 2410 dis·

194 2463 350 2535 ceptentes,
381 2475 504 2536 qnorum
533 2458 620 2535 prior,
651 2457 888 2518 architectonicus
910 2459 1072 2537 inscriptus,
1097 2455 1134 2514 de
1155 2456 1268 2516 thestio

194 2559 425 2640 histrionumque
446 2564 553 2622 uestitu
577 2570 605 2622 et
626 2561 776 2633 similibus,
794 2562 868 2622 sltsr
882 2563 919 2622 de
932 2572 995 2622 arte
1011 2572 1040 2621 et
1053 2561 1140 2621 rebus
1154 2561 1267 2620 histrio-

196 2685 264 2724 num
293 2668 381 2744 gcstis
410 2668 515 2742 egerit,
546 2667 679 2727 omnibus
708 2669 829 2728 testibus
850 2678 937 2728 caret.
982 2667 1166 2747 Quamquam
1191 2669 1269 2726 enim

197 2773 281 2830 etism
308 2770 346 2830 ile
375 2772 419 2830 his
446 2769 533 2831 rebus
555 2772 776 2832 Eratosthenem
798 2777 943 2851 egissent
968 2792 1005 2832 ex
1027 2776 1069 2832 rei
1094 2781 1198 2832 natura
1219 2791 1267 2829 ne-

197 2878 350 2952 cessarium
385 2885 443 2948 est,
478 2879 519 2937 its
551 2878 718 2955 fragmentis
751 2878 886 2960 (3,100)
918 2878 1138 2959 comprobetur,
1172 2885 1268 2936 tumen

194 2981 433 3041 architectonicus
465 2982 523 3042 huc
549 3003 609 3042 non
638 2986 771 3063 pertinet.
817 2986 879 3045 Imc
907 2986 1069 3062 fragments
1092 2991 1192 3063 aperte
1220 2979 1268 3040 de

196 3096 357 3146 monstrant
385 3087 463 3146 huuc
488 3087 593 3148 librum
622 3089 651 3146 in
673 3088 791 3148 modum
819 3092 1058 3150 onomasticorum
1080 3090 1269 3168 compositum

196 3193 293 3265 finisse,
324 3213 447 3272 quorum
475 3196 602 3254 rationes
630 3213 667 3252 ex
689 3193 809 3254 Polluce
830 3198 964 3255 nouimus
993 3193 1084 3276 (quod
1107 3196 1164 3254 ism
1186 3192 1268 3253 intel·

197 3297 271 3358 lexit
301 3296 419 3372 Belide,
458 3297 494 3358 de
527 3299 600 3358 Poll.
639 3302 669 3359 in
705 3321 782 3360 scen.
812 3321 880 3382 epp.
912 3319 1005 3360 enarr.
1039 3301 1110 3360 font.
1144 3321 1173 3379 p.
1203 3298 1268 3378 23),

195 3424 254 3488 que
285 3405 315 3484 iu
348 3423 379 3463 re
414 3405 441 3462 ei
476 3414 690 3483 praecesserant
721 3405 905 3466 Democritus
936 3414 966 3465 et
997 3405 1121 3483 Gorgias
1153 3405 1267 3485 (Meier,

197 3529 244 3589 op.
268 3513 306 3581 II,
330 3530 358 3588 p.
388 3508 447 3589 16).
492 3508 576 3585 Quae
605 3531 671 3570 cum
701 3513 753 3588 its
768 3514 826 3570 sint
854 3511 908 3569 hoc
934 3513 1140 3570 onomasticum
1167 3505 1269 3588 Ἀρχι-

196 3612 365 3685 τεκτονικός
386 3615 554 3693 inscriptum
576 3616 663 3676 fuisse
685 3619 802 3676 minime
824 3617 894 3676 mihi
916 3619 1116 3696 persuaserim,
1136 3613 1187 3673 sed
1203 3635 1269 3675 cum

196 3719 244 3784 hic
264 3719 366 3778 titulus
387 3718 462 3779 libro
484 3722 535 3798 qui
557 3719 595 3778 de
616 3725 823 3802 compositione
843 3724 1107 3792 instrumentorum,
1130 3720 1211 3779 uelut
1232 3720 1269 3779 de

196 3826 327 3904 partibus
356 3827 443 3884 aratri
474 3825 559 3906 (frag.
588 3828 638 3909 17)
669 3830 774 3904 egerit,
806 3828 880 3887 bene
900 3829 1068 3898 conueniet,
1092 3846 1152 3884 nou
1172 3836 1269 3885 eutem

197 3932 381 4003 onomastico,
411 3932 442 3988 in
468 3934 635 4009 quostiam
664 3933 701 3992 de
722 3933 786 3992 eliis
807 3933 902 4006 rebus,
932 3932 1014 3991 uelut
1035 3931 1072 3990 de
1091 3933 1269 3990 uestimentis

197 4037 281 4117 (frag.
295 4035 369 4116 125)
385 4033 562 4113 disputatum
577 4057 640 4098 csse
654 4039 811 4098 uerisimile
823 4047 875 4110 est,
891 4038 1144 4097 architectonicum
1159 4046 1270 4116 partem

197 4143 366 4202 onomastici
392 4141 479 4212 fuisse
508 4141 602 4212 credo,
633 4147 713 4202 cuius
735 4144 792 4202 ulie
814 4141 956 4222 quaedem
978 4163 1044 4222 pers
1065 4143 1151 4203 fuerit
1172 4163 1269 4202 sceno·
