2984 4740
663 255 856 318 ..7-

226 427 391 504 Metagenis
414 426 508 485 Aurae
537 424 574 483 ab
596 424 765 501 Aristagora
786 431 953 484 retractum
985 424 1065 506 (hist.
1088 427 1150 484 crit.
1174 447 1202 506 p.
1228 431 1299 490 220.

225 532 298 608 frag.
324 531 376 614 84)
406 533 624 610 interpretatum
650 549 713 590 esse
740 531 900 607 fragmenta
927 528 1041 590 docent
1085 530 1173 606 Quod
1200 542 1299 591 utrum

227 639 301 696 iusto
335 637 408 697 libro
440 634 507 716 ampl
539 634 700 718 κωμῳδίας
731 656 770 696 an
802 638 1012 696 commentariis
1044 637 1143 696 fecerit
1175 635 1299 697 discerni

224 745 333 822 nequit.

312 845 390 909 Cum
419 855 517 905 autem
546 845 581 904 de
610 846 696 905 huius
724 846 849 905 hominis
876 848 937 905 'uita
966 855 995 905 et
1023 854 1117 906 aetate
1142 866 1235 926 usquo
1260 867 1295 906 eo

223 951 395 1013 dissentiant
422 953 478 1010 uiri
505 948 596 1024 docti,
627 959 661 1009 ut
680 950 731 1011 alii
753 971 818 1010 eum
840 953 933 1030 primo
955 973 984 1031 p.
1009 951 1077 1012 Chr.
1100 952 1223 1026 saeculo,
1246 952 1296 1012 alii

221 1060 307 1118 tertio
330 1078 355 1116 a.
380 1057 447 1118 Chr.
471 1057 580 1116 uixisse
600 1055 791 1132 contendant,
815 1058 890 1117 hanc
911 1059 1108 1136 quaestionem
1130 1060 1229 1137 paucis
1250 1077 1295 1118 re·

222 1161 400 1222 tractandam
422 1180 485 1220 esse
506 1161 601 1221 credo.
646 1160 731 1238 Quae
752 1164 877 1241 primum
898 1172 977 1224 mota
997 1173 1041 1224 est
1061 1183 1088 1223 a.
1117 1169 1205 1236 1838,
1229 1183 1294 1223 cum

222 1266 257 1327 Ο.
274 1265 468 1327 Schneiderus
492 1266 541 1348 (de
562 1276 619 1326 vet.
643 1269 674 1326 in
689 1269 779 1326 Arist.
801 1267 890 1327 schol.
914 1269 985 1329 font.
1007 1291 1036 1348 p.
1054 1275 1102 1341 87,
1119 1289 1147 1348 p.
1165 1277 1204 1330 74
1219 1268 1294 1350 not.)

221 1381 380 1433 commotus
400 1374 432 1432 ni
453 1372 537 1432 fallor
558 1372 667 1432 scholio
678 1371 735 1431 Av.
752 1380 830 1435 1379
854 1374 1057 1452 Euphronium
1077 1377 1154 1434 inter
1173 1373 1295 1453 Didymi

221 1487 250 1538 et
271 1477 417 1537 Athenaei
444 1487 567 1538 aetatem
596 1479 684 1540 fnisse
705 1481 851 1553 statuerit,
878 1479 914 1537 R.
937 1477 1113 1538 Schmidtius
1135 1478 1187 1560 (de
1209 1480 1295 1540 Calli·

220 1591 310 1643 strato
331 1582 544 1663 Aristophaneo
565 1605 593 1661 p.
613 1583 668 1664 21)
691 1601 729 1640 ex
749 1581 856 1642 Suidae
878 1583 975 1643 uerbis
992 1581 1210 1666 Ἀριστοφάνης
1232 1586 1294 1646 Βυ-

223 1687 337 1763 ζάντιος
358 1723 402 1734 -
422 1687 568 1766 μαθυμὴς
581 1721 625 1738 --
641 1685 802 1748 Διονυσίου
824 1696 878 1748 τοῦ
899 1685 1025 1768 Ἰάμβου
1046 1689 1096 1750 καὶ
1119 1691 1294 1773 Εὐφρονίδα

222 1803 275 1856 τοῦ
302 1794 475 1875 Κορινθίου
504 1789 523 1871 ἢ
551 1791 716 1852 Σικυωνίου
744 1792 822 1852 hunc
850 1794 1070 1875 Euphronidam
1091 1796 1295 1878 Aristophanis
1393 1833 1395 1838 ·

224 1902 389 1977 magistrum
416 1921 476 1959 non
504 1897 652 1958 diuersum
678 1917 740 1958 esse
768 1901 922 1960 coniecerit
949 1900 987 1960 ab
1009 1901 1180 1980 Euphronio
1208 1905 1293 1962 comi-

222 2025 317 2066 corum
348 2013 521 2065 enarratore.
566 2002 662 2079 Quam
685 2007 856 2064 sententiam
884 2005 939 2065 sihi
960 2006 1114 2086 probatam
1132 2007 1293 2087 paullulum

221 2113 385 2170 immutauit
412 2109 562 2170 Nanckius
592 2108 693 2189 (Arist.
724 2111 795 2187 Bya.
825 2131 854 2188 p.
879 2114 896 2171 2
928 2110 1018 2193 seq),
1049 2114 1100 2191 qui
1128 2123 1292 2193 comparato

218 2216 371 2276 Athenaeo
393 2219 435 2277 Vl
466 2221 522 2276 241
550 2233 575 2273 e.
621 2212 744 2292 Μάχων
776 2214 791 2275 ὃ
823 2214 1047 2297 κωμῳδιοποιὸς
1079 2215 1095 2276 ὁ
1125 2217 1294 2299 Κορίνθιος

219 2319 275 2401 μὲν
301 2319 320 2400 ἢ
343 2318 507 2392 Σικυώνιος
536 2317 690 2401 γενόμενος
711 2357 754 2366 -
781 2321 830 2380 καί
857 2320 1036 2393 διδάσκαλος
1056 2320 1212 2402 γενόμενος
1232 2332 1294 2384 τῶν

220 2426 299 2486 κατὰ
321 2425 482 2507 κωμῳδίαν
503 2433 604 2507 μερῶν
620 2421 854 2507 Ἀριστοφάνους
873 2435 928 2487 τοῦ
950 2436 1163 2508 γραμματικοῦ
1182 2449 1294 2488 summa

218 2552 284 2598 cum
312 2531 516 2613 probabilitate
543 2530 622 2612 apud
646 2531 766 2591 Suidant
794 2533 977 2593 scribendum
999 2552 1063 2593 esse
1083 2532 1221 2593 iudicauit
1242 2534 1292 2594 καὶ

216 2637 391 2719 Εὖφρονίάα
413 2646 467 2698 τοῦ
490 2685 497 2702 .
522 2684 530 2703 .
553 2683 560 2698 .
584 2637 651 2718 (καί
674 2635 830 2714 Μάχωνος
851 2637 917 2718 τοῦ)
940 2637 1113 2719 Κορινθίου
1132 2635 1152 2718 ἢ
1174 2639 1293 2700 Σικυω-

221 2742 295 2807 νίου.
330 2745 415 2802 Hanc
433 2745 605 2803 sententiam
623 2763 683 2802 non
700 2730 862 2820 infringunt
879 2743 1059 2804 Gerhardius
1076 2750 1137 2824 p.2
1160 2754 1189 2803 et
1203 2746 1293 2806 Bern-

222 2847 349 2928 hardyus
372 2848 452 2929 (hist.
475 2848 530 2908 litt.
554 2847 622 2908 (ίιιίΞ
645 2847 691 2910 IIa
716 2846 790 2929 669)
813 2849 1016 2928 Euphronium
1036 2851 1113 2908 inter
1134 2849 1293 2910 Aristarchi

138 2981 141 2988 ·
221 2953 377 3034 discipulos
391 2953 626 3035 'numerantes4).
671 2954 780 3014 Contra
801 2954 836 3012 R.
859 2953 1011 3014 Schmidtii
1032 2957 1225 3014 coniecturam
1247 2975 1292 3014 ac-

220 3063 297 3141 cepit
318 3059 360 3119 M.
383 3048 558 3120 Schmidtius
581 3057 662 3138 (Did.
686 3082 715 3139 p.
741 3060 815 3141 294)
839 3068 868 3118 et
888 3059 1017 3119 stabilire
1038 3058 1156 3119 studuit.
1194 3061 1292 3140 Atque

219 3183 313 3244 paene
327 3173 409 3223 extra
420 3163 629 3223 dubitationem
640 3167 710 3245 poni
725 3165 811 3225 oredo
824 3185 926 3224 uerum
939 3163 1048 3225 uidisse
1058 3164 1292 3226 RSchmidtiuoo

219 3272 379 3329 coniunctis
401 3269 551 3348 Strabonis
574 3279 603 3329 et
624 3270 712 3330 schol.
737 3271 896 3350 Hephaest.
918 3273 1089 3330 testimoniis
1111 3268 1159 3351 (cf.
1183 3271 1289 3349 Bergk,

219 3375 298 3434 anth.
321 3375 393 3454 lyra
415 3397 444 3454 p.
468 3374 580 3457 XCII).
622 3377 732 3435 Notum
758 3385 801 3436 est
822 3379 899 3435 uiros
921 3374 1020 3436 doctos
1040 3377 1142 3435 aetatis
1164 3375 1291 3437 Alexan·

304 3686 326 3752 ⁴)
342 3691 421 3740 Modo
440 3689 506 3738 mihi
523 3689 606 3740 allata
619 3693 659 3738 est
670 3689 815 3752 disputatio
827 3690 906 3738 Blaui
917 3689 966 3750 „de
977 3687 1124 3740 Aristarchi
1136 3687 1289 3754 discipulis“

220 3779 360 3842 inscripta,
386 3779 432 3842 qui
457 3795 483 3843 p.
504 3779 536 3830 68
561 3793 615 3842 seq.
651 3775 834 3842 Euphronium
855 3777 1002 3830 Aristarchi
1027 3777 1187 3843 discipulum
1209 3777 1291 3830 fuisse

220 3867 339 3916 euincere
364 3866 458 3916 studet.
495 3865 546 3915 Sed
570 3871 599 3915 ut
621 3870 707 3915 cetera
731 3866 863 3927 omittam,
888 3880 956 3929 quae
974 3865 1113 3915 Schmidtii
1134 3869 1291 3917 sententiam

218 3937 272 4004 non
295 3953 429 4014 refellunt,
449 3954 541 4018 quidni
560 3953 641 4003 schol.
659 3955 739 4019 Vesp'.
759 3954 808 4004 696
826 3953 900 4019 (frag.
921 3953 968 4017 67),
993 3970 1045 4019 quo
1069 3956 1184 4006 maximo
1209 3957 1291 4006 utitur

219 4046 380 4107 argumento,
399 4044 599 4105 interpretemur
618 4041 803 4108 „Euphronius
815 4043 880 4092 dicit
897 4042 984 4093 locum
1002 4057 1018 4092 a
1036 4058 1065 4092 se
1083 4044 1159 4110 signo
1171 4048 1291 4094 notatum

219 4145 283 4190 esse,
303 4131 366 4194 quia
384 4136 465 4180 eet.
492 4131 553 4180 toi.
572 4147 597 4196 p.
614 4134 652 4182 to.
