2984 4740
632 307 847 368 „15-

201 477 233 534 in
262 477 381 552 grauem
399 477 611 554 posteriorem,
639 475 812 535 Theodorus
832 486 929 536 autern
951 477 1107 556 aliquando
1129 481 1215 537 etiam
1237 497 1275 538 ex

203 583 286 657 graui
318 583 348 638 in
376 581 532 638 acutiorem
562 579 731 666 extendere.
777 579 910 641 Ceterum
940 583 1034 642 Varro
1063 585 1094 641 in
1122 592 1276 662 utramque

204 675 312 765 partem
340 687 450 744 moueri
480 685 666 758 arbitratur“,
689 705 865 766 quamquam
887 686 1098 748 Wilmannsius
1120 711 1149 769 p.
1174 695 1210 751 61
1235 689 1274 748 ad

204 789 306 848 librum
328 792 469 878 musicum
496 792 544 851 uel
573 791 806 852 mathematicum
828 793 924 852 refert.
969 794 1191 853 Eratosthenem
1212 815 1273 853 nra-

202 897 321 972 gistnrm
351 897 433 974 sequi
461 893 579 953 uidetur
603 897 814 976 Aristophanes
835 899 925 976 Byz.‚
957 897 1049 979 (apud
1070 897 1176 957 Arcad.
1206 903 1272 961 188.

204 1006 294 1074 1-5,
311 999 416 1060 Nauck
431 1023 460 1081 p.
480 1007 513 1064 13
530 1001 606 1083 seq.)
628 1021 725 1081 neque
747 1002 879 1062 dissentit
897 1003 1051 1062 scholiasta
1065 1005 1152 1062 Dion.
1165 1003 1273 1062 Thrac.

199 1105 232 1163 B.
260 1107 319 1164 An.
352 1127 380 1184 p.
406 1114 476 1178 756,
502 1111 558 1181 213
589 1108 626 1166 cf.
655 1106 724 1166 ibid.
755 1115 831 1170 1159
856 1129 886 1180 ς,
921 1108 1077 1167 Herodian.
1108 1109 1124 1167 I
1151 1115 1196 1182 10,
1226 1115 1272 1175 13.

200 1209 402 1270 Consideranti
434 1220 532 1270 autern
561 1212 783 1271 Eratosthenem
812 1213 843 1270 in
872 1211 1042 1271 duodecimo
1075 1212 1149 1272 libro
1179 1215 1276 1292 operis

200 1315 284 1397 (frag.
300 1315 356 1397 47)
379 1319 577 1396 quaestionem
599 1338 677 1378 mere
698 1321 913 1395 grammaticam
934 1321 1110 1391 tractauisse‚
1134 1318 1273 1378 librorum

199 1424 450 1498 grammaticorum
473 1426 640 1502 ceteroquin
661 1427 815 1501 uestigium
837 1444 896 1482 non
918 1442 989 1497 esse,
1021 1426 1051 1482 iu
1073 1434 1209 1503 promptu
1230 1433 1275 1484 est

199 1529 337 1606 suspicari
366 1525 440 1586 duos
467 1528 557 1586 libros
585 1532 785 1605 grammaticos
814 1549 873 1588 non
895 1531 989 1586 minus
1011 1536 1100 1608 atque
1120 1537 1273 1589 onomasti-

199 1652 262 1692 cum
286 1641 397 1711 partem
419 1634 514 1713 operis
536 1634 602 1715 περὶ
626 1633 785 1716 κωμῳδίας
806 1636 901 1694 fuisse.

285 1735 371 1797 Omni
403 1738 608 1818 probabilitate
639 1759 749 1798 cassum
782 1750 841 1813 est,
875 1739 954 1819 quod
986 1739 1124 1799 Stiehlius
1153 1739 1273 1820 (Philot

200 1841 294 1922 suppl.
317 1844 348 1902 11
372 1842 448 1923 456)
478 1844 533 1903 sibi
554 1843 638 1922 fingit
659 1864 731 1924 opus
752 1845 953 1904 Eratosthenis
976 1843 1013 1903 de
1036 1845 1171 1917 Homero,
1195 1844 1274 1916 unde

198 1957 311 2027 sumpta
332 1949 419 2008 fuerit
441 1949 603 2009 obseruatio
626 1948 663 2008 de
684 1949 763 2008 duali
786 1950 869 2031 (frag,
885 1950 949 2031 35),
964 1970 1032 2008 narn
1046 1948 1155 2007 Eusab.
1172 1969 1272 2029 praep.

175 2071 250 2109 ev.¹
267 2057 298 2114 X
320 2075 350 2133 p.
375 2061 435 2116 492
452 2075 478 2113 a.
523 2056 724 2114 Eratosthenis
746 2056 992 2137 chronographica
1012 2057 1128 2134 respicit
1150 2053 1273 2134 (Bernh.

197 2177 227 2236 p.
251 2157 338 2240 240).
383 2158 470 2235 Quod
499 2169 595 2220 autern
616 2160 823 2220 Eratosthenes
852 2165 883 2220 in
910 2162 964 2220 hac
985 2161 1187 2220 obseruatione
1207 2179 1274 2220 uer-

197 2281 260 2321 sum
283 2263 404 2324 Homeri
434 2269 585 2340 excitauit,
616 2266 684 2326 inde
715 2287 775 2326 non
803 2269 895 2344 magis
921 2263 1084 2342 colligenda
1113 2274 1156 2324 est
1184 2267 1271 2324 iuter·

196 2371 319 2447 pretatio
342 2370 470 2456 Homeri,
493 2391 580 2450 quam
603 2391 640 2430 ax
661 2373 732 2450 frag.
751 2379 768 2434 9
791 2373 988 2452 interpretatio
1012 2370 1142 2451 Hesiodi,
1165 2370 1213 2430 uel
1233 2391 1270 2429 ex

196 2472 267 2550 frag.
293 2480 332 2536 66
362 2477 560 2558 interpretatio
588 2477 746 2557 Euripidis.
792 2477 926 2537 Ceterum
959 2496 996 2537 ne
1028 2475 1143 2536 dubites
1172 2477 1272 2536 confer

197 2579 245 2636 Et.
269 2600 307 2637 m.
332 2585 403 2655 280,
426 2586 475 2647 28.
840 2657 844 2666 ι

283 2681 394 2759 Quodsi
417 2687 515 2768 aliqua
536 2691 600 2748 cum
623 2687 827 2770 probabilitate
841 2687 1043 2746 Eratosthenis
1065 2689 1270 2747 onomasticum

201 2794 230 2845 at
256 2787 344 2848 libros
373 2796 572 2867 grammaticos
601 2792 639 2852 ad
661 2812 732 2874 opus
761 2792 828 2873 περὶ
857 2791 1017 2875 κωμῳδίας
1045 2793 1178 2852 retulisse
1199 2793 1270 2851 mihi

198 2891 306 2967 uideor,
329 2898 386 2954 iarn
409 2898 553 2978 quomodo
575 2899 704 2978 reliquae
726 2902 821 2978 operis
842 2906 938 2978 partes
960 2901 1132 2956 constitutae
1152 2897 1268 2969 fuerint,

197 3011 293 3060 utrum
313 3003 433 3082 ¹proprio
456 3003 554 3062 libello
583 3002 621 3062 de
649 3005 736 3064 rebus
756 3005 861 3063 Atticis
888 3002 1010 3082 publicis
1032 3013 1061 3062 et
1081 3007 1211 3084 priuatis,
1233 3003 1272 3062 de

197 3106 284 3166 rebus
313 3111 432 3167 scenicis
461 3118 490 3167 et
518 3109 659 3169 historicis
688 3111 779 3187 egerit
804 3129 840 3167 an
863 3112 1060 3188 interpretatio
1082 3107 1120 3167 ad
1142 3109 1271 3186 singulas

196 3212 309 3272 fabulas
322 3213 537 3273 accommodata
550 3216 645 3286 fuerit,
662 3218 692 3274 in
711 3215 805 3274 medio
820 3213 1042 3294 relinquendum
1056 3223 1107 3274 est.
1138 3216 1270 3274 Transeo

196 3319 284 3394 igitur
305 3317 343 3376 ad
366 3318 619 3380 demonstrandum
642 3330 782 3399 quantum
804 3320 1006 3380 Eratosthenis
1032 3340 1120 3400 opere
1141 3319 1268 3379 studium

196 3423 362 3483 comoediae
382 3426 544 3505 profecerit.
581 3427 680 3506 Atque
697 3428 721 3484 si
735 3427 850 3505 quaeris
864 3445 941 3504 quae
954 3423 1097 3506 praesidia
1112 3428 1139 3484 ei
1153 3433 1268 3505 praesto

195 3530 316 3600 fuerint,
348 3549 385 3588 ex
411 3531 612 3611 Lycophronis
640 3531 713 3590 libro
743 3535 794 3591 uix
817 3531 907 3590 multa
927 3531 1010 3590 utilia
1031 3550 1143 3590 sumere
1164 3533 1267 3610 potuit.

195 3637 272 3694 Num
296 3635 459 3715 Euphronii
481 3656 554 3716 opus
575 3637 709 3696 habuerit
731 3636 851 3696 dubium
872 3645 924 3695 eet.
962 3642 998 3699 In
1019 3635 1106 3695 rebus
1125 3637 1268 3695 historicis

195 3762 259 3800 eurn
282 3739 444 3800 didascaliis
466 3752 495 3800 et
517 3745 629 3823 scriptis
651 3743 850 3803 historicorum
873 3762 956 3800 usum
979 3760 1042 3800 esse
1062 3742 1134 3819 frag.
1147 3748 1198 3812 97,
1214 3745 1264 3814 38,

196 3853 234 3908 48
258 3848 295 3905 al.
323 3846 435 3906 docent.
481 3848 738 3928 Peripateticorum
767 3849 874 3928 scripta
902 3847 939 3907 ab
961 3865 995 3906 eo
1022 3846 1097 3905 lecta
1126 3864 1188 3905 esse
1213 3867 1266 3926 pu-

194 3952 314 4012 tandum
330 3963 373 4012 est
388 3953 472 4034 (frag.
484 3953 547 4035 48),
564 3955 760 4034 Theophrasti
775 3955 922 4012 historiam
936 3951 1101 4031 plantarum
1115 3951 1199 4033 (frag.
1214 3952 1265 4032 16)

193 4056 230 4116 ad
260 4058 381 4118 uerbum
414 4061 615 4139 transscripsit.
665 4060 755 4118 Porro
786 4059 943 4117 Homerum
974 4056 1134 4118 Hesiodum
1162 4056 1266 4114 Archi-

192 4163 324 4237 lochum,
352 4167 475 4241 tragicos
497 4165 533 4223 al.
558 4163 653 4224 studio
675 4163 827 4244 amplexus
849 4172 901 4228 est.
942 4162 1047 4223 Omnia
1069 4165 1165 4240 igitur,
1189 4181 1266 4240 quae
