2984 4740
582 273 796 340 ...09-

235 443 309 506 Hes.
333 443 539 520 Σελλίζεσθαι.
584 444 800 521 distillandum
825 442 903 518 τινὲς
925 445 958 508 δὲ
979 445 1118 523 cellolae·
1150 450 1224 510 ἀλα-

144 546 270 622 {credet
644 595 647 602 ·

143 689 149 696 ·
232 653 311 714 Ibid.
345 653 558 737 Σε(σ)ίλλισαι.
605 655 756 738 Φρύνιχος
787 656 818 718 ἓν
850 655 1014 742 Κρόν[ιΊῳ
1041 656 1053 741 ll
1081 650 1223 741 Ἄγαμαι,

146 758 264 835 Acori,
302 766 357 821 σοῦ
388 758 540 839 πόματος
579 759 621 833 ὡς
655 759 851 845 σε(σ)ίλλισαι
883 755 1051 842 sescupiae
1083 764 1225 838 πολλάκις

142 865 218 942 frag.
242 884 318 923 com.
340 868 371 926 II
387 870 445 930 584
459 863 491 948 Γ.
536 866 685 949 Αἰσχίνης
705 889 752 940 τις
773 867 888 949 ὑπῆρχε
902 859 1018 930 §illoc
1034 871 1223 949 καλούμενος,

145 967 270 1048 ἀλαζὼν
290 969 341 1030 καὶ
364 969 395 1032 ἓν
414 972 458 1054 τῷ
479 968 671 1053 διαλέγεσθαι
693 969 743 1033 καὶ
766 970 797 1032 ἓν
820 975 863 1058 τῷ
884 967 1116 1055 πρασποιεΐαθαι
1131 979 1223 1037 nioc-
1297 1025 1302 1034 .

145 1081 220 1150 τεῒν,
243 1073 406 1153 πινόμενος
427 1071 503 1136 καθ’
525 1076 705 1160 ὑπερβολήν,
725 1076 769 1149 ὡς
790 1079 860 1152 τοὺς
881 1079 1106 1161 παραπλησίους
1126 1081 1225 1165 τούτῳ

145 1183 313 1243 καλεῖσθαι
336 1177 496 1263 (σίλλους).

145 1337 148 1344 ,
232 1287 265 1347 Si
287 1305 364 1347 uera.
380 1288 533 1368 explicatio
556 1290 620 1348 iure
633 1289 818 1348 Eratostheni
841 1289 985 1364 tribuitur,
1010 1285 1137 1352 eiusdem
1158 1301 1225 1352 sunt

144 1392 239 1452 schol.
263 1393 320 1452 'Au
346 1397 417 1456 823.
461 1393 550 1474 Vesp.
575 1398 646 1466 325,
670 1400 742 1466 459,
770 1398 859 1458 1267.
902 1395 1048 1471 Schmidt,
1070 1397 1155 1460 ‘Did‘
1174 1407 1223 1465 50.

188 1643 271 1702 123.
288 1636 346 1700 *L
369 1637 465 1698 schol.
475 1637 564 1717 Vesp.
579 1642 650 1705 352.
762 1635 858 1698 Schol.
883 1638 939 1698 Av.
972 1645 1044 1703 568.
1089 1635 1224 1721 Ὀρχΐλας

18 1763 19 1774 ’
149 1741 228 1805 Οὐδ’
252 1741 428 1826 εἷσέρφῳ.
457 1739 522 1804 Ὁτι
538 1732 651 1824 ἐν”Ορ-
720 1740 810 1826 ὄρνις.
829 1779 873 1790 —-
896 1744 941 1805 Τὸ
963 1740 996 1804 δὲ
1014 1742 1124 1826 σέρφον
1142 1743 1221 1828 ἔνορ-

18 1919 19 1936 p
143 1849 208 1910 νισί
235 1870 313 1921 τινες
341 1850 376 1908 τὸ
403 1845 414 1932 ll
437 1846 530 1909 Eridu
560 1870 651 1908 κατα·
716 1871 769 1927 χιν
790 1849 831 1922 ὡς
852 1850 936 1930 κριὸν
956 1845 1081 1931 ἔνορχιν.
1122 1849 1223 1930 Δῆλον

18 2023 19 2028 ¹
144 1954 255 2037 φαγὼν
293 1953 394 2036 μύρτα
438 1953 487 2014 καὶ
524 1950 652 2035 σέρφους
720 1950 754 2015 δὲ
776 1954 926 2032 ἐντεῦθεν,
949 1955 996 2016 ὅτι
1018 1957 1073 2034 οὐχ
1087 1955 1128 2028 ὡς
1144 1954 1221 2017 οἷὀν·

17 2053 19 2073 ’
142 2081 170 2120 v.
189 2065 231 2124 82
249 2056 261 2141 Η
277 2057 446 2141 ἔξηγοῦνται
467 2059 582 2142 καρπὸν
600 2059 652 2119 τὸν
720 2059 775 2120 ταί
800 2083 893 2137 τινες,
924 2060 1042 2143 σπέρμα
1064 2082 1093 2122 τι
1117 2063 1222 2146 (σπερ-

17 2217 18 2228 ,
144 2164 269 2248 σέρφον.
291 2154 382 2226 ’Ἐστι
405 2163 438 2225 δὲ
460 2163 602 2246 θηρίδιόν
622 2187 651 2224 τι
718 2163 829 2244 μάτων
848 2167 889 2250 R)
912 2165 928 2226 d
950 2165 1067 2248 σέρφος.

142 2271 256 2353 μικρόν
278 2269 419 2353 (σμικρόν
440 2272 505 2353 V.).

143 2395 241 2472 Igitur
277 2395 417 2473 interpres
452 2404 561 2454 temere
596 2396 718 2454 coniecit
749 2390 859 2476 σέρφον
891 2413 954 2455 esse
986 2395 1079 2454 simile
1110 2394 1221 2474 aliquid

144 2499 226 2581 quod
249 2498 363 2579 μύρτα.
406 2498 454 2558 Sic
475 2498 631 2581 Lycophro
650 2519 770 2559 munere
789 2520 841 2559 suo
863 2501 944 2577 fungi
965 2501 1046 2560 solet

16 2741 17 2754 '
148 2817 152 2824 ,
232 2767 314 2825 124.
338 2759 413 2828 rur.
456 2759 579 2836 Quare.
613 2761 663 2826 xi
694 2767 730 2834 α,
766 2769 812 2828 ιι.
863 2761 1123 2845 (simonides)
1156 2781 1220 2822 eum

144 2868 238 2950 pugili
253 2876 388 2928 coronato
402 2883 519 2926 carmen
532 2901 576 2914 -
588 2865 722 2926 mercede
736 2875 821 2946 pacta
831 2846 998 2948 scripsisset,
1009 2867 1183 2947 abnegatam
1194 2869 1221 2928 ei

144 2976 286 3054 pecuniae
307 2982 428 3053 partem,
451 2971 530 3052 quod
553 3007 594 3016 -
615 2974 647 3030 in
668 2971 769 3031 laudes
791 2972 918 3032 Castoris
940 2982 969 3032 et
990 2972 1117 3033 Pollucis
1138 2975 1221 3032 exie-

144 3089 198 3138 rat.
223 3113 262 3124 -
293 3080 349 3138 Est
373 3088 470 3138 autem
499 3097 604 3155 magna
632 3081 708 3138 inter
736 3086 867 3138 auctores
896 3077 1046 3151 dissensio,
1071 3079 1221 3140 Glaucone

144 3183 281 3263 Carystio
301 3203 341 3242 eu
362 3184 495 3244 Leocrati
516 3203 555 3242 an
575 3182 761 3260 Agatharcho
783 3203 822 3244 an
842 3184 954 3265 Scopas
973 3187 1112 3264 scriptum
1132 3186 1169 3242 sit
1190 3182 1221 3242 id

144 3307 262 3358 carmen
294 3298 323 3349 et
351 3288 483 3350 Pharsali
512 3289 599 3348 iurarit
625 3289 698 3348 haec
727 3288 838 3365 domus,
865 3301 899 3349 ut
927 3293 990 3370 ipse
1008 3288 1135 3369 quodam
1156 3289 1219 3348 loco

80 3419 89 3428 ·
145 3395 308 3472 significare
328 3393 491 3455 Simonides
512 3391 629 3454 uidetur
649 3402 741 3472 utque
753 3393 948 3474 Apollodorus
970 3404 999 3454 et
1013 3395 1220 3455 Eratosthenes

146 3510 176 3562 et
198 3501 369 3580 Euphorion
387 3509 420 3561 ,st
436 3499 593 3560 Larissam
607 3499 768 3580 Euripylus
789 3499 978 3572 tradiderunt,
1002 3521 1040 3560 an
1055 3501 1218 3575 Grannona,

145 3614 179 3665 ut
200 3605 321 3686 Apollas
350 3605 392 3687 (st
419 3602 486 3665 add.
509 3603 619 3684 Barth)
644 3603 845 3677 Callimachus,
875 3624 962 3684 quem
983 3613 1098 3664 secutus
1120 3604 1220 3665 Oicero

145 3710 221 3772 hanc
241 3711 346 3772 famam
367 3711 454 3772 latius
474 3708 558 3771 fudit.
709 3711 713 3716 ’
783 3745 785 3750 ,

230 3817 298 3876 Non
320 3815 405 3876 credo
427 3813 619 3893 Bernhardyo
647 3813 720 3892 frag.
743 3815 840 3874 XXII
868 3815 943 3874 hanc
964 3812 1125 3876 doctrinam
1147 3815 1219 3874 Era·

144 3922 285 3982 tosthenis
313 3942 349 3981 ox
381 3921 510 3999 catalogo
539 3917 694 3980 Simonidis
726 3923 884 3980 carminum
914 3920 1040 3980 fluxisse.
1085 3921 1220 3980 Fortasse

146 4029 241 4108 aptius
264 4037 341 4086 totus
356 4026 436 4087 locus
457 4025 493 4086 ad
514 4025 759 4106 chronographica
776 4027 907 4100 refertur,
923 4025 1002 4106 quod
1013 4026 1220 4088 Eratosthenes

145 4151 209 4192 cum
231 4131 410 4214 Apollodoro
433 4134 600 4193 coniunctus
622 4151 740 4192 mouere
761 4131 885 4192 uidetur.
