2984 4740
949 83 954 116 ί

621 387 623 396 X
701 331 745 340 -
787 293 914 359 42⁰-

270 463 361 546 λέγει,
391 465 474 526 καθὸ
503 465 577 546 πρὸς
605 467 697 536 θεοὺς
724 461 831 526 έσοιτο.
878 457 958 542 Ἅμα
980 461 1013 524 δέ
1034 472 1089 525 τοῦ
1110 463 1191 546 ἱεροῦ
1211 464 1342 546 πολέμου

269 570 447 650 μνημονεύει
475 578 530 630 τοῦ
557 568 714 651 γενομένου
739 566 915 650 Ἀθηναίοις
943 569 1017 650 πρὸς
1041 569 1170 664 Φιρκέας
1191 569 1267 654 ῦπέρ
1288 580 1343 634 τοῦ

270 674 301 736 έν
321 674 452 758 Δελφοῖς
474 673 563 758 ἱεροῦ.
601 671 810 754 Ἕσχεδιὶισται
832 672 865 736 δέ
885 669 938 736 ὑπ’
967 677 1078 740 αὐτῶν.
1124 676 1170 738 Οὐ
1191 677 1249 758 γὰρ
1268 678 1343 759 πρὸς

275 778 401 852 Φωκέας
422 778 498 862 ιὶπέρ
520 781 629 841 τοῦτου
651 778 845 860 ἐπολέμησαν,
868 770 937 842 ἀλλ’
970 778 1044 862 ὑπέρ
1071 780 1211 859 Φωκέων,
1235 782 1343 844 διὰτὸ

269 886 344 968 πρὸς
365 885 632 965 Λακεδαιμονίους
653 883 754 965 ἔχθος.
799 885 942 967 Γεγόνασι
972 882 1005 946 δέ
1034 885 1088 946 διίο
1112 885 1237 966 πόλεμοι
1259 883 1342 968 ἱεροί.

269 991 426 1075 Πρότερος
453 990 510 1071 μέν
536 991 795 1071 Λακεδαιμονίοις
825 991 899 1074 πρὸς
937 988 1063 1064 Φιοκέας
1084 989 1169 1072 -ῦπέρ
1202 991 1340 1073 Δελφῶν.

269 1097 336 1159 Καὶ
365 1097 571 1179 κρατήσαντες
598 1105 653 1158 τοῦ
681 1093 762 1178 ἱεροῦ
784 1087 1028 1173 Λακεδαιμόνιοι
1057 1096 1112 1176 τὴν
1140 1089 1343 1179 προμαντείαν

269 1201 351 1284 παρὰ
377 1201 507 1285 Δελφῶν
536 1199 653 1281 ἔλαβον.
695 1194 839 1282 Ὕστερον
868 1196 901 1260 δέ
930 1199 1023 1282 τρίτῳ
1053 1197 1110 1262 έτει
1140 1209 1194 1262 τοῦ
1220 1199 1342 1284 πρώτου

269 1305 399 1386 πολέμου
414 1299 589 1389 Ἀθηναίοις
610 1308 685 1389 πρὸς
705 1304 971 1384 Λακεδαιμονίους
992 1303 1067 1386 ῦπέρ
1094 1304 1235 1372 Φακέαν.
1275 1305 1341 1367 Καὶ
1405 1391 1409 1396 ¹

269 1414 304 1474 τὸ
325 1411 405 1496 ἱερὸν
425 1412 583 1474 ἀπέδωκαν
608 1415 758 1487 Φωκεῦσι,
782 1408 925 1492 καθάπερ
946 1410 997 1471 καὶ
1014 1410 1180 1495 Φιλόχορος
1201 1411 1232 1473 έν
1254 1419 1291 1495 τῇ
1312 1405 1342 1472 δ’

269 1518 354 1602 λέγει.
399 1522 550 1582 Καλεῖται
572 1517 605 1580 δέ
628 1516 715 1598 ἱερός,
737 1516 784 1577 δτι
805 1516 872 1596 περὶ
894 1524 949 1577 τοῦ
970 1515 1001 1577 έν
1023 1517 1154 1601 Δεληοΐς
1177 1515 1258 1599 ἱεροῦ
1279 1514 1341 1598 ε’γέ-

269 1647 345 1688 νετο.
389 1623 517 1707 Ἱστορεῖ
533 1623 600 1707 περὶ
621 1624 715 1684 αὐτοῦ
736 1621 785 1681 καὶ
812 1620 999 1702 Θουκυδίδης
1027 1621 1055 1704 (1
1084 1623 1154 1704 112)
1181 1623 1231 1682 καὶ
1247 1615 1341 1703 Ἐρα-

268 1728 416 1811 τοσθένης
437 1729 468 1791 έν
491 1731 533 1813 τῷ
554 1720 596 1790 θ’
618 1729 668 1789 καὶ
687 1725 866 1805 Θεόπομπος
887 1725 918 1786 έν
938 1707 982 1812 τῳ
1000 1725 1042 1789 κέ.
1081 1730 1150 1792 Hes,
1172 1749 1195 1797 s.
1211 1750 1238 1792 v.
1263 1725 1342 1810 ἱερὸν

269 1835 400 1916 πόλεμον
421 1838 484 1915 (Et.
507 1836 550 1896 M.
574 1841 646 1910 469,
664 1833 717 1915 22)
746 1832 912 1892 Philochori
934 1836 1127 1894 narrationem
1149 1854 1279 1896 seruasse
1300 1837 1342 1894 ui·

269 1942 361 2003 detur.
399 1942 541 2001 Dubitare
562 1940 630 1999 licet
649 1947 746 1999 utrum
767 1939 864 2016 glossa
878 1939 1079 2000 Eratosthenis
1089 1941 1343 2021 chronogrophiois

269 2069 307 2108 an
336 2049 416 2128 operi
446 2071 477 2108 π.
500 2069 529 2110 ιι.
558 2042 745 2104 attribuenda
773 2047 820 2104 sit.
863 2044 900 2102 In
932 2045 1137 2126 interpretibus
1166 2067 1184 2106 α
1212 2043 1342 2125 Didymo

270 2154 417 2237 castigatis
438 2151 506 2211 uide
528 2171 565 2210 ne
587 2149 775 2230 Euphronius
795 2149 891 2210 lateat
936 2150 1042 2210 Bernh.
1070 2151 1147 2229 ἕως.
1170 2149 1341 2232 XXV111).

312 2368 363 2427 60.
379 2365 433 2426 Er.
456 2363 552 2423 Schol.
565 2361 662 2442 Apoll.
675 2361 770 2420 Rhod.
940 2360 1048 2420 Athon.
1071 2365 1116 2426 XI
1139 2369 1199 2424 474
1219 2363 1239 2421 f.

270 2469 296 2528 A
313 2474 385 2532 566.
413 2457 483 2528 'En'
502 2464 693 2549 ἰκριόφιν.
727 2467 771 2526 Τὸ
841 2464 1057 2548 (Καρχήσιον).
1079 2461 1343 2546 Ἀσκληπιάδηςδ

270 2570 364 2654 ίκριον
382 2579 436 2632 τοῦ
455 2570 539 2634 ἱστοῦ
552 2570 651 2654 μέρος.
690 2573 771 2653 Φησὶ
840 2570 856 2631 δ
879 2571 1061 2652 Μυρλεανὸς
1088 2571 1259 2650 κεκλῆσθαί
1283 2593 1343 2654 φη·

268 2675 302 2738 δέ
318 2669 544 2760 Ἐρατοσθένης
565 2677 596 2738 ἓν
616 2680 659 2762 τῷ
674 2669 771 2760 ’Λρχι-
840 2699 888 2738 σιν
910 2677 985 2738 alvo
1002 2675 1062 2738 ἀπό
1080 2697 1159 2748 τινος
1176 2685 1238 2738 τῶν
1255 2675 1286 2738 έν
1306 2681 1343 2759 τῇ

270 2785 446 2867 τεκτονικῷ·
462 2781 553 2860 ἱστός,
568 2783 688 2866 πτέρνη,
701 2807 770 2866 καρ-
840 2782 887 2862 νηὶ
927 2781 1233 2862 κατασκευασμάτων.
1280 2786 1343 2843 Τοῦ

265 2887 381 2967 χήσιον,
420 2888 585 2969 θωράκιον,
624 2888 770 2968 ἠλακάτη,
839 2888 898 2969 γὰρ
927 2885 1012 2949 ἱστοῦ
1040 2889 1075 2949 τὸ
1100 2885 1157 2967 μέν
1176 2887 1342 2949 κατιοτάτω

268 2993 383 3072 κεραιά,
400 2992 564 3076 ίκριον....
581 2995 620 3054 τὰ
638 2992 672 3055 δέ
693 2994 771 3076 άκρα
805 3025 808 3162 ρ
840 2991 952 3075 πτέρνα
983 2997 1128 3070 καλεῖται,
1155 2993 1174 3074 ἢ
1203 2992 1340 3073 ἐμπίπτει

269 3097 460 3181 διιροκέραια.
503 3099 634 3172 Κιίλωες
660 3097 702 3176 δέ,
726 3091 768 3160 δι’
840 3096 882 3170 είς
911 3098 962 3158 τὸν
984 3097 1082 3179 ληνόν,
1109 3099 1144 3159 τδ
1165 3095 1194 3158 δ’
1221 3092 1282 3158 οἷον
1301 3097 1342 3169 είς

268 3197 311 3264 ὧν
339 3203 492 3267 στέλλεται
521 3205 556 3265 τδ
586 3202 688 3281 ἱστίον,
721 3204 772 3264 διὰ
840 3201 931 3282 μέσον
958 3205 1116 3287 τράχηλος,
1149 3204 1184 3264 τὸ
1213 3201 1247 3264 δέ
1269 3204 1342 3286 πρὸς

269 3308 379 3392 κρίκων
400 3309 611 3391 διειλημμένοι.
649 3311 773 3371 Τούτων
840 3312 884 3393 τῷ
906 3308 982 3370 τέλει
1004 3309 1177 3390 καρχήσιον.
1207 3302 1295 3389 Ἔχει
1309 3305 1342 3369 δέ

268 3412 301 3475 δέ
323 3413 351 3476 οἱ
372 3414 457 3477 κάλοι
485 3409 529 3489 οἷς
553 3414 714 3498 κατάγεται
737 3416 772 3477 τδ
840 3423 929 3475 τοῦτο
942 3415 1063 3496 κεραίας
1074 3416 1136 3476 άνω
1147 3414 1343 3487 συννευοιίσας

269 3518 362 3581 ἱστίον
389 3519 531 3604 μέσουροι
560 3520 709 3604 λέγονται,
744 3520 771 3582 οἱ
840 3512 890 3603 ἐφ’
914 3515 1041 3603 ἑκάτερα
1055 3517 1194 3601 τὰμέρη,
1211 3520 1261 3581 καί
1276 3517 1341 3580 ε’πί-

268 3623 301 3686 δέ
332 3620 483 3706 ἑλκόμενοι
513 3627 556 3700 είς
586 3626 711 3711 πρώραν
742 3627 772 3701 ἔξ
840 3648 936 3687 κειται
956 3627 958 3639 ⁴
979 3627 1014 3687 τὸ
1059 3625 1216 3708 λεγόμενον
1259 3627 1344 3709 αὐτῷ

268 3725 409 3813 ἑκατέρου
444 3731 552 3815 μέρους
590 3741 645 3794 τοῦ
688 3731 772 3795 ἱστοῦ
840 3731 1005 3814 θωράκιον,
1036 3731 1221 3815 τετράηωνον
1243 3730 1343 3815 πάντῃ

272 3886 479 3896 .—

356 3986 389 4052 ¹¹)
407 3989 529 4040 Glossam
548 3990 640 4048 ἴουλος
662 3990 736 4052 (Hes.
759 3988 836 4040 Phot
860 3989 942 4040 sohol.
968 3989 1056 4056 Apoll.
1074 3988 1123 4040 Ru.
1142 3989 1164 4039 B
1181 3988 1223 4040 43.
1240 3987 1264 4037 A
1282 3984 1344 4050 972)

268 4079 358 4127 nesoio
385 4093 448 4126 num
475 4076 601 4128 Schmidt.
618 4077 681 4128 Did.
700 4079 742 4141 66,
767 4077 863 4129 Nuber.
887 4077 986 4144 prolog.
1006 4079 1038 4129 14
1062 4079 1135 4144 operi
1152 4093 1183 4127 π.
1201 4093 1226 4128 ιι.
1250 4076 1342 4128 deberi

267 4170 367 4230 putent.
402 4165 453 4216 Est
470 4181 502 4216 ox
520 4167 626 4218 Herma.
