2984 4740
556 260 770 326 ..53-

126 418 1274 508 mmmmmmmmmm

124 534 328 609 waohsmuth,
351 533 426 595 stdt.
450 534 559 596 Athen.
582 539 597 598 I
620 540 690 608 535,
713 544 736 598 l.
782 536 895 608 Nauck,
919 537 1007 595 Arist.
1031 538 1102 617 Byz.
1120 543 1198 599 Ι219.

123 639 246 706 Prellor.
268 640 331 701 Pol.
357 645 394 703 87
418 660 480 719 seq.
513 639 653 714 Schmidt,
676 639 745 701 Did.
772 648 821 706 59.

164 876 220 934 81.
237 873 275 933 L.
286 872 341 933 Er.
365 869 541 929 Schol.Pac.
560 876 626 933 199.
739 870 825 931 Phot.
848 870 1062 953 Κύτταρος.
1091 868 1129 931 Οἳ
1144 869 1200 949 μὲν

123 974 237 1060 (Suid.)
259 976 476 1057 Κύτταρον.
495 1011 539 1021 -
553 976 628 1036 Λυ-

123 1080 261 1165 κόφρονά
292 1103 383 1163 φησιν
405 1071 629 1162 Ἐρατοσθένης

122 1181 203 1271 τὸ(ν)
235 1187 384 1269 κύτταρον
412 1185 514 1268 λύγειν,
545 1186 576 1248 ἓν
605 1174 630 1270 ᾧ

122 1293 153 1354 αἱ
188 1294 278 1377 φηγοὶ
312 1291 508 1374 ε’γκάθηνται.
564 1291 629 1354 Ούκ

87 1433 89 1438 ,
122 1397 239 1479 ὀρθῶς.
282 1397 466 1481 Κυττάρους
493 1398 551 1479 γὰρ
573 1420 629 1458 κα-

121 1506 207 1565 λοῦσι
244 1504 299 1577 τὰς
335 1513 396 1566 τῶν
432 1504 543 1586 κηρίων
578 1501 628 1562 καί

18 1639 19 1684 ζ
122 1610 262 1692 σφηκίων
284 1609 339 1692 (εἰσ
359 1610 399 1690 V)
421 1608 628 1691 κατατρήσεις,

123 1715 164 1787 ώς
186 1715 240 1776 καὶ
262 1715 293 1776 ἓν
311 1722 374 1787 τοῖς
387 1715 502 1797 Σφηξίν
516 1714 629 1796 (1111)

18 1835 19 1840 ’
123 1819 243 1903 εἴρηκεν
258 1819 269 1905 Η
288 1813 409 1902 Ὥσπερ
431 1818 458 1880 ολ
480 1817 630 1900 σκώληκες

18 1953 20 1970 J
123 1926 153 1987 ἐν
173 1935 239 2000 τοῖς
258 1926 418 2009 κυττάροις
433 1925 608 2003 κινούμενοι.
622 1922 630 2008 ss

126 2032 327 2116 Θεόφραστος
338 2030 370 2092 (λε’
382 2032 435 2114 (Η.
443 2031 489 2091 Pl.
498 2037 545 2094 III
557 2037 585 2102 3,
597 2031 628 2113 8)

123 2138 236 2219 κυρίως
258 2136 333 2220 λέγει
355 2135 545 2219 προάνθησίν
563 2156 631 2195 τινα

123 2253 177 2321 τῆς
206 2243 319 2324 πεύκης
348 2243 397 2304 καί
430 2251 484 2321 τῆς
516 2241 629 2316 πίτυος,

20 2391 21 2408 .
123 2347 190 2426 ἥτις
211 2347 294 2410 ἐστὶν
316 2347 416 2430 ὥσπερ
437 2347 551 2427 στάχυς
576 2371 630 2425 μι-

697 973 866 1051 άπίδωκαν,
882 975 913 1036 ἐν
928 963 952 1059 ᾧ
968 974 999 1036 αί
1015 977 1102 1059 φηγοὶ
1112 977 1198 1057 (Nbr.

697 1080 823 1162 σιμηκιαί
873 1080 951 1164 cod.)
1004 1082 1199 1164 ίγκάθηνται.

698 1184 845 1265 Μάχεται
877 1180 908 1249 δ”
944 1190 1047 1260 αὐτοῖς
1079 1189 1114 1248 τὸ
1146 1196 1201 1248 τοῦ

702 1267 937 1373 Ἀριστοφάνους
997 1291 1028 1354 ἓν
1086 1295 1202 1376 Σφηξὶν

698 1399 810 1480 (1111)
828 1397 839 1483 Η
860 1391 980 1481 Ὥσπερ
1002 1396 1029 1459 οἱ
1051 1398 1202 1480 σκώληκες

698 1503 729 1564 ἐν
750 1512 814 1576 τοῖς
832 1503 990 1585 κυττάροις
1006 1505 1180 1583 κινούμενοι.
1193 1503 1201 1588 ss

694 1604 812 1671 Ἔοικεν
833 1607 866 1670 δὲ
886 1608 934 1670 ἐπὶ
955 1618 1015 1670 τών
1033 1608 1202 1692 άγγειώδων

698 1716 857 1779 τίθεσθαι.
925 1719 1024 1777 Τοῦτο
1073 1715 1107 1776 δὲ
1150 1716 1200 1776 καί

701 1815 1095 1902 Ἀριστοτίληςάττοδίδωκε.
1122 1821 1200 1883 Θεό·
1263 1857 1274 1876 ·

698 1947 833 2007 φραστος
862 1925 894 1988 δέ
915 1927 1107 2010 προάνθησίν
1133 1950 1200 1988 τινα

698 2041 753 2111 τῆς
784 2034 894 2113 πεύκης
926 2033 977 2093 καί
1012 2039 1066 2109 τῆς
1098 2030 1202 2103 πίτυος

698 2139 847 2219 κύτταρον
862 2139 1089 2220 προσαγορεύει·
1112 2145 1202 2198 τοῦτο

699 2239 735 2304 δέ
753 2242 834 2304 ἔστιν
855 2243 956 2324 ὥσπερ
977 2243 993 2304 ὁ
1015 2243 1128 2324 στάχυς
1148 2267 1201 2321 μι-

699 2349 770 2430 κρὸς
811 2348 843 2409 ίκ
877 2349 1017 2432 μεγάλων
1051 2351 1200 2433 πορήνων.

700 2449 922 2536 Ξηραινόμενος
950 2454 983 2516 δὲ
1012 2458 1201 2516 θολακοῦται

699 2560 749 2620 καὶ
771 2559 942 2626 ἀποπίπτει.

124 2455 196 2533 κρὸς
241 2452 273 2513 ίκ
311 2451 449 2535 μεγάλων
490 2452 630 2536 πυρήνων

125 2559 226 2641 (Phot.
250 2567 354 2640 πυρῶν
373 2559 464 2641 libr.)‚
490 2557 629 2642 ξηραινύ-

21 2731 22 2734 ς
124 2687 214 2744 μενος
230 2661 263 2727 (λε’
277 2669 467 2728 θυλακούται
482 2665 532 2725 καὶ
553 2666 629 2725 άπο-
645 2707 647 2712 -

21 2773 22 2830 Ῐ
125 2773 238 2834 πίπτει.
277 2765 350 2833 Οἷον
373 2770 481 2852 (Suid.)
504 2765 556 2830 οὖν
576 2771 631 2851 άγ·

125 2878 255 2958 γειώιλες.
298 2878 340 2940 Κ.
355 2898 382 2939 τ.
399 2878 425 2939 λ.
663 2854 665 2871 ⁴

211 2996 308 3057 Sohol.
331 2997 450 3057 Thesm.
471 3002 540 3058 ⁵16.
565 2996 765 3079 (Κύτταρον),
792 2995 1007 3079 Θεόφραστος.
1022 3046 1028 3061 .
1043 3045 1069 3060 ..
1087 3019 1203 3056 απινων

126 3102 200 3182 φησὶ
231 3111 285 3181 τῆς
310 3101 415 3174 πίτυος
443 3102 492 3162 καὶ
523 3109 577 3180 τῆς
598 3101 717 3180 πεύκης,
756 3091 982 3182 Ἐρατοσθένης
1004 3099 1063 3184 (άὲ)
1086 3102 1202 3183 ἀγγεῖον

126 3216 180 3267 τοῦ
210 3208 326 3289 σφηκὸς
354 3204 373 3287 ἢ
403 3215 458 3287 τῆς
485 3208 637 3287 μελίσσης,
667 3207 742 3268 ὅπου
764 3204 791 3268 οἵ
813 3205 963 3287 σκώληκες
985 3205 1071 3269 ἔνεισι
1095 3204 1201 3287 (ἔπεισι

22 3347 23 3352 1
126 3312 209 3396 libr.)
226 3349 266 3356 —
284 3307 404 3385 Ἄλλως.
437 3312 601 3392 Κύτταρος
622 3316 756 3374 καλεῖται
779 3313 817 3372 τά
838 3311 1013 3391 κοιλώματα
1034 3321 1096 3373 τῶν
1116 3315 1202 3391 μελι-

22 3421 23 3434 ’
127 3418 228 3498 κήρων
251 3417 400 3499 (Schneid.
423 3417 623 3498 μελικηρίδων
644 3418 733 3500 cod.).
776 3414 905 3496 Ὁμοίως
926 3417 959 3478 (λε’
980 3419 1030 3478 καὶ
1053 3418 1088 3478 τὸ
1110 3426 1202 3495 πῶμα

129 3521 223 3603 (Suid.
247 3531 335 3600 σῶμα
358 3521 436 3604 cod.)
466 3530 520 3601 τῆς
548 3522 692 3600 βαλάνου,
723 3523 797 3583 ὅπου
827 3522 995 3604 ἐγκάθηται
1021 3524 1039 3602 ἡ
1061 3521 1201 3602 βάλανος,

128 3625 201 3710 ὅπερ
224 3635 275 3688 νῦν
297 3625 473 3689 άκοοστίον·
497 3628 563 3708 περὶ
586 3629 643 3711 γὰρ
666 3627 781 3689 αίάοίου
802 3627 886 3710 λέγει.
932 3628 975 3689 Cf.
999 3629 1087 3689 schol.
1110 3630 1200 3709 Vesp.

132 3738 223 3799 1111.
266 3733 334 3793 Hes.
359 3755 383 3799 s.
405 3755 431 3793 v.
456 3734 613 3814 Κύπαρος.
657 3732 825 3813 Κύτταροι.
869 3733 954 3794 Phot.
984 3756 1006 3796 s.
1029 3734 1200 3815 Κύτταρος.

129 3838 296 3920 Κύτταροι.
338 3839 629 3902 P011.1254.v11
657 3847 724 3902 147.
763 3838 950 3900 Om.Bernh.
974 3839 1112 3902 Schmidt.
1131 3839 1200 3899 Did.

129 3962 157 4020 p.
182 3949 232 4006 45.
257 3944 390 4004 Ceterum
413 3954 569 4026 utrumque
591 3965 693 4005 uerum
715 3961 777 4004 esse
799 3942 883 4003 docet
919 3944 1069 4025 Theophr.
1094 3945 1132 4004 H.
1156 3945 1201 4005 Pl.

129 4049 173 4110 IV
196 4053 223 4122 8,
250 4057 276 4112 7.
