2984 4740
658 281 851 343 „5-

124 465 126 473 ⁴
218 448 359 509 nonnulle
380 469 418 508 cx
438 448 483 508 his
505 448 605 508 studiis
627 451 658 508 in
680 470 762 509 suum
785 469 868 509 usum
887 458 1056 510 conuertere
1071 450 1183 508 licuerit
1198 449 1293 528 Lyco·

220 555 341 634 phroni,
371 561 511 634 quantum
541 573 577 612 ex
599 555 767 632 fragmentis
789 553 940 614 diiudicari
961 563 1071 634 potest,
1095 556 1212 613 omnino
1234 575 1293 614 non

221 661 455 740 circumspcxiese
482 659 606 732 uidetur,
638 659 716 720 unde
736 659 846 720 auxilia
867 660 922 719 sibi
943 669 1074 739 pararet,
1097 669 1130 719 ut
1150 658 1228 718 haud
1250 661 1293 718 in·

221 775 286 846 epte
313 764 351 824 ad
381 784 446 824 cum
476 764 583 825 referre
613 765 683 824 mihi
712 764 820 837 uidear,
850 764 929 844 quod
950 765 1090 824 Lehrsius
1119 763 1157 823 de
1185 763 1293 842 glosso-

219 871 337 951 graphis
366 869 423 930 illis
453 868 522 928 dicit
547 868 589 951 (p.
614 869 678 950 44),
709 890 758 930 eos
787 873 828 930 sic
849 872 880 929 in
902 869 1080 950 explicandis
1101 870 1221 930 uocibus
1243 870 1294 928 ho-

218 978 332 1034 mericis
354 983 483 1035 uersatos
506 994 577 1048 esse,
600 984 633 1034 ut
654 978 733 1034 omni
755 975 903 1034 doetrinae
923 983 1065 1056 apparatu
1087 973 1216 1034 destituti
1235 996 1295 1036 uon

218 1080 347 1141 locorum
378 1083 593 1160 comparatione
623 1100 740 1140 sensum
770 1081 975 1141 uocabulorum
1007 1083 1206 1160 exquirerent,
1243 1079 1295 1139 sed

219 1185 364 1267 quidquid
385 1189 509 1266 primum
533 1185 712 1245 intuentihus
733 1206 834 1246 sensus
855 1186 984 1263 flagitare
1008 1185 1163 1258 uideretur,
1192 1185 1221 1244 id
1242 1207 1295 1267 pro

219 1293 458 1371 interpretatione
479 1293 648 1370 arriperent.
694 1288 843 1372 (Amplam
866 1291 1007 1350 eiusmodi
1027 1294 1295 1371 interpretationum

220 1397 419 1458 collectionem
441 1396 530 1455 habes
545 1393 625 1476 apud
639 1396 794 1455 Lehrsium
811 1395 830 1454 l.
847 1415 872 1454 c.
892 1405 920 1455 et
936 1396 1100 1455 Nauckinm
1116 1398 1189 1476 prol.
1205 1398 1247 1458 Jl.
1263 1398 1296 1457 II

220 1526 250 1585 p.
264 1502 390 1585 Vseq.).
434 1502 502 1561 Non
524 1502 646 1560 multum
669 1521 738 1560 saue
759 1501 796 1560 ab
816 1502 860 1561 his
882 1497 970 1565 distat
989 1503 1061 1560 ratio
1084 1501 1296 1581 Lycophronis,

221 1613 272 1689 qui
295 1608 351 1668 loci
373 1610 513 1685 cuiusque
534 1617 638 1666 natura
670 1616 827 1666 commotus
857 1607 1061 1686 interpretatus
1089 1607 1127 1664 sit
1155 1604 1298 1688 κόρκορος

222 1734 283 1773 csse
326 1709 468 1792 ῖχθύδιόν
509 1733 556 1785 τι,
601 1710 769 1794 ὃορπηστὸς
813 1731 875 1770 esse
917 1711 1057 1792 ἄριστον,
1105 1710 1295 1786 σελλίζεσᾶαι

223 1818 430 1896 mildredae.
476 1817 560 1893 Quae
592 1837 658 1876 cum
686 1820 726 1876 ita
749 1819 806 1876 sint
836 1813 914 1875 haud
937 1818 999 1875 sine
1021 1835 1107 1876 causa
1128 1818 1200 1878 alias
1222 1820 1295 1879 cius-

223 1924 300 1984 modi
323 1925 529 2004 explicationes
551 1925 613 1982 sine
633 1924 757 1982 auctoris
777 1925 895 1981 nomine
915 1921 1034 1980 traditas
1055 1921 1149 1984 eidem
1170 1924 1298 1988 tribuere

224 2030 292 2088 mihi
314 2029 434 2110 uideor3
463 2049 529 2088 nam
552 2029 639 2108 plane
662 2026 786 2088 eundem
808 2025 1018 2106 interpretandi
1038 2027 1154 2088 modum
1176 2029 1296 2101 redolet,

224 2145 257 2194 ut
278 2155 368 2194 unum
392 2135 555 2215 exemplum
577 2135 703 2206 afferam,
738 2132 827 2192 schol.
851 2133 906 2191 Av.
937 2140 971 2194 14
995 2132 1180 2215 (frag-110)
1209 2134 1297 2207 πίναξ

223 2234 301 2311 εἶδος
329 2237 440 2320 ὀρνέου.
485 2240 720 2300 Ratiocinabatur
748 2241 890 2318 interpres
922 2256 1017 2296 rerum
1051 2238 1213 2299 Atticarum
1246 2243 1297 2299 im·

222 2347 426 2426 peritissimus:
461 2343 477 2404 ὁ
507 2342 716 2424 πινακοπώλης
740 2363 808 2402 aves
836 2342 984 2416 uendidit,
1018 2345 1128 2402 πωλεῖν
1155 2355 1199 2404 est
1226 2366 1296 2404 uen-

224 2449 302 2530 dere,
335 2453 423 2528 igitur
451 2450 538 2522 πίναξ
560 2460 604 2510 est
625 2448 735 2532 ὄρνεον.
780 2449 906 2510 Uidetur
927 2447 998 2507 mihi
1018 2447 1090 2506 haec
1110 2429 1213 2510 leuitas
1234 2451 1297 2511 solo

223 2559 299 2615 inter
320 2557 492 2616 comicorum
515 2565 693 2615 enarratores
715 2555 911 2634 Lycophrone
933 2553 1021 2630 digna
1043 2573 1114 2616 esse.

310 2659 395 2736 Quae
423 2681 487 2720 cum
515 2663 566 2720 ita·
582 2669 677 2720 essent
704 2661 768 2718 fieri
795 2679 854 2718 non
880 2668 995 2740 poterat
1020 2661 1092 2737 quin
1120 2655 1297 2720 successores

224 2765 405 2824 acerbissime
434 2784 499 2824 eum
528 2769 719 2846 castigarent·
754 2766 790 2825 In
819 2764 924 2844 quibus
953 2767 1078 2845 primum
1104 2765 1198 2824 locum
1219 2773 1300 2825 tenet

223 2870 440 2944 Eratosthenes,
464 2870 653 2952 Lycophroni
681 2880 739 2930 tam
768 2869 921 2947 diligenter
947 2870 1126 2943 aduersatus,
1158 2879 1190 2930 ut
1211 2889 1299 2949 saepe

223 2978 374 3055 utriusque
396 2975 602 3056 explicationes
623 2979 793 3036 coniunctae
814 2985 964 3036 occurrant
987 2974 1038 3056 (cf.
1059 2973 1203 3046 Schmidt,
1226 2973 1300 3035 Did.

224 3102 252 3161 p.
276 3087 326 3146 42.
370 3081 478 3140 Bernh.
508 3103 537 3162 p.
563 3081 647 3164 204).
691 3082 740 3142 Ab
769 3082 965 3162 Aristophane
993 3080 1196 3160 Lycophronis
1225 3101 1298 3161 opus

223 3185 329 3246 lectum
351 3207 413 3246 esec
436 3185 539 3246 docere
560 3186 676 3247 uidetur
696 3189 768 3264 frag.
786 3194 843 3260 853
865 3187 942 3246 idem
963 3188 1084 3246 fortasse
1105 3183 1142 3244 de
1163 3186 1298 3266 Euphro-

224 3295 274 3351 nio
301 3295 388 3352 statui
416 3301 512 3372 potest
541 3291 589 3373 (cf.
612 3313 639 3352 v.
664 3293 819 3353 Wilamov.
843 3293 881 3352 de
902 3292 974 3372 Lyc.
997 3292 1084 3352 Alex.
1107 3313 1137 3371 p.
1161 3290 1204 3372 4).
1248 3292 1298 3352 Ab

224 3398 418 3458 Erathostene
440 3401 463 3456 si
485 3418 560 3476 quae
583 3396 720 3458 derelicta
743 3409 825 3459 erant
839 3396 985 3458 Diodorus
1004 3399 1160 3457 confecisse
1173 3395 1297 3471 uidetur,
1397 3437 1399 3442 ·

225 3522 311 3582 quem
340 3505 447 3562 iustum
478 3503 583 3563 librum
616 3505 691 3586 πρὸς
718 3504 911 3588 Λυκόφρονα
943 3506 1090 3582 scripsisse
1118 3502 1227 3562 Athen.
1250 3503 1299 3564 XI

226 3615 286 3672 478
307 3609 334 3668 b.
362 3609 447 3689 (frag.
467 3610 519 3692 76)
540 3618 670 3673 testatur.
714 3610 746 3670 Si
768 3614 856 3689 igitur
876 3607 999 3669 Diodori
1021 3608 1237 3668 obseruationes
1258 3611 1299 3668 ita

225 3718 395 3787 excitantur,
420 3724 452 3774 ut
473 3715 555 3774 alteri
579 3718 706 3794 opinioni
730 3719 878 3796 oppositae
899 3717 965 3788 sint,
988 3713 1144 3773 uerisimile
1164 3722 1205 3772 est
1224 3714 1299 3774 hanc

225 3820 428 3901 Lycophronis
457 3841 527 3880 esse.
572 3821 712 3881 Ultimam
740 3820 866 3900 denique
894 3819 1008 3901 plagam
1031 3819 1173 3879 Heracleo
1200 3821 1228 3878 ci
1256 3823 1299 3880 in·

225 3928 324 3985 iecisse
355 3927 471 3986 uidetur
503 3924 587 4006 (frag.
622 3925 705 4006 134).
750 3926 838 3986 Nullo
875 3927 963 4003 igitur
997 3929 1060 3986 iure
1092 3924 1299 4004 Bernhardyus

136 4069 140 4078 ·
224 4053 254 4112 p.
279 4038 338 4094 217
375 4051 499 4111 cumque
526 4040 640 4092 secutus
669 4031 849 4092 Gerhardius
878 4029 929 4111 (de
950 4030 1119 4090 Aristarcho
1149 4031 1298 4112 Aristoph.

226 4140 381 4218 interprete
403 4160 431 4218 p.
463 4137 510 4220 13)
539 4135 718 4196 contendunt
746 4139 876 4196 notitiam
899 4136 1102 4219 Lycophronis
1133 4139 1227 4217 operis
1248 4156 1301 4216 per
