2984 4740
579 273 793 338 ,59-

152 444 289 527 φαίνεται
310 443 467 526 γεγραφὼς
489 443 523 502 ιδ
546 443 659 522 δρᾶμα,
682 441 757 503 ὅπου
778 463 810 523 γε
831 450 886 504 τοῦ
908 444 1039 525 Mummi
1054 442 1225 516 Εὐπόλιδος

149 547 316 630 μέμνηται,
346 549 379 620 ὃς
407 548 558 628 ἐδιδάχθη
588 537 666 608 καθ’
698 543 883 629 Ὑπερβόλου
909 547 988 627 μετὰ
1009 548 1062 608 τὸν
1083 546 1226 621 Κλέωνος

151 654 297 716 θάνατον.
346 658 452 716 Ταῦτα
477 650 511 714 δὲ
533 652 575 724 ὡς
596 648 639 713 ίτι
662 651 772 727 ζῶντος
793 651 934 725 Κλέωνος
955 650 1079 735 λέγεται.
1124 653 1227 734 Δῆλον

149 755 202 821 ola
231 759 277 821 ὅτι
300 760 379 821 κατὰ
399 761 526 831 πολλοὺς
546 760 617 831 τοὺς
634 756 763 841 χρόνους
784 758 955 820 διεοκείιισε
977 759 1012 820 τὸ
1033 759 1150 841 δρᾶμα,
1173 759 1224 820 καὶ

150 875 249 927 ταῦτα
271 863 327 943 μέν
356 866 392 926 οὐ
419 866 519 948 πολλῷ
547 863 681 945 ὕστερον,
711 862 743 923 ἐν
764 856 809 936 οἷς
829 861 863 924 δὲ
884 862 1053 936 Εὐπόλιδος
1073 862 1224 944 μέμνηται

150 972 200 1032 καὶ
222 979 284 1032 τῶν
303 969 345 1043 είς
365 968 548 1051 Ὑπέρβολον
570 968 747 1052 κωμῳδιῶν,
769 971 878 1053 πολλῷ.
906 968 972 1030 Om.
984 969 1021 1033 V.
1035 971 1070 1030 R.
1102 969 1228 1032 Uidetur

150 1079 239 1154 igitur
258 1080 344 1136 etiam
367 1076 438 1157 hyp.
455 1079 496 1138 VI
518 1075 704 1136 Eratostheni
726 1074 835 1138 deberi.
879 1075 923 1136 of.
945 1075 1033 1136 aohol.
1055 1075 1129 1136 Rou-
1153 1079 1224 1138 569.

149 1181 246 1242 schot.
270 1187 358 1262 vesp.
387 1187 476 1245 1013.
505 1185 594 1244 ioue.

236 1287 329 1347 Simili
357 1286 443 1348 modo
465 1285 634 1347 Callimachi
657 1285 867 1346 dubitationem
888 1285 978 1346 eebol.
1001 1286 1078 1346 Nub.
1103 1290 1164 1350 624
1187 1283 1226 1344 ab

150 1410 185 1452 eo
206 1393 359 1454 restitutam
382 1411 445 1453 ease
466 1389 641 1454 eredendum
663 1400 715 1452 eet

235 1602 288 1661 98.
314 1597 371 1663 *L
415 1599 511 1660 Sobel.
539 1601 596 1680 Eq.
630 1605 687 1661 100
717 1594 838 1679 (suu).
884 1597 963 1658 Kal
987 1596 1154 1658 νοϊδίιον.
1183 1632 1227 1646 -

154 1700 247 1775 Τινὲς·
269 1701 302 1763 δέ
336 1704 512 1783 ὀνειδισμῶν
539 1705 589 1766 καὶ
619 1702 776 1784 λοιδοριῶν
810 1700 869 1762 ἀπὸ
898 1710 952 1762 τοῦ
981 1699 1062 1762 οίνου
1090 1702 1141 1763 καί
1172 1711 1227 1782 τῆς

148 1803 259 1888 μέθης.
297 1810 423 1881 Κακῶς.
459 1810 648 1889 Lycophroui
669 1807 766 1868 tribuo
788 1817 906 1887 propter
927 1812 1116 1869 temeritatem
1139 1811 1226 1870 inter·

150 1916 328 1994 pretatiouia
373 1915 476 1974 Posuit
497 1917 574 1974 enim
596 1913 674 1994 quod
697 1933 734 1974 ex
755 1911 991 1974 antecedentibus
1012 1915 1142 1989 coniecit
1165 1935 1225 1974 non

149 2018 230 2098 quod
253 2019 425 2080 uocabulum
445 2019 633 2097 significabat.
853 2021 855 2025 ’

237 2238 291 2294 99.
313 2235 374 2300 Eu.
417 2231 513 2292 Sobel.
536 2232 616 2292 Nub.
644 2237 733 2294 1261.
773 2220 815 2292 Ὦ
836 2227 945 2312 οκληρί
966 2230 1085 2309 δαῖμον.
1105 2267 1148 2282 -
1167 2231 1226 2294 Εὐ·

151 2335 273 2418 φρόνιος
294 2337 376 2420 παρὰ
406 2330 600 2402 Ξενοκλεῖ
628 2357 719 2418 φησιν
740 2329 816 2397 εἶναι
837 2335 873 2396 τὸ
891 2334 1107 2418 χρυσάμπυκες
1137 2336 1226 2420 (χρυ-

150 2440 349 2522 σάμπυγεςί
376 2441 580 2525 χρυσδντυγες
601 2441 736 2523 Herm),
769 2440 799 2514 ἔξ
827 2432 864 2502 οὗ
890 2445 1161 2523 υαραπευοιῆοδοιι
1190 2442 1227 2503 τὸ

143 2529 380 2629 Ιθραυσάντυγες
408 2557 506 2609 τοῦτο.
548 2544 630 2610 Ἐπεί
659 2544 718 2630 (δὲ)
749 2545 889 2626 ἐμνήσθη
917 2555 972 2608 τοῦ
994 2547 1109 2628 πατρὸς
1131 2548 1228 2608 αὐτοῦ

152 2653 261 2734 (αὐτοῦ
282 2653 418 2714 ἀπὸτοῦ
439 2653 554 2734 πατρὸς
575 2652 653 2729 libr„
675 2673 703 2715 v.
730 2652 835 2736 1261),
858 2651 908 2712 καί
931 2652 970 2712 τδι
991 2653 1086 2714 αὐτοῦ
1107 2675 1226 2738 τραγῳ-

150 2757 200 2818 δεῖ
218 2757 343 2840 είρηκδις
358 2745 421 2843 ΗὯ
443 2756 552 2840 σκληρὲ
573 2757 692 2836 δαῖμον.
709 2749 821 2840 11”Εστι
843 2755 877 2818 δὲ
898 2756 975 2839 (καί)
998 2758 1034 2818 τδ
1050 2744 1112 2841 llll!
1133 2759 1227 2820 Παλ-

150 2862 213 2940 λδς,
236 2861 277 2936 ὣς
296 2862 330 2944 μ’
352 2862 510 2936 ἀπώλεσας
525 2861 536 2947 ll
559 2858 738 2933 Ξενοκλέους
760 2861 794 2924 lx
815 2871 870 2923 τοῦ
890 2862 1077 2942 Λικυμνίου,
1099 2860 1141 2936 δίς
1162 2884 1224 2948 φη-

150 2987 198 3030 σιν
219 2968 407 3051 Εὐφρόνιος,
435 2968 592 3051 λεγόμενον
613 2967 671 3028 διεδ
688 2963 871 3048 Ἀλκμήνης,
894 2976 949 3028 τοῦ
967 2968 1145 3047 Λικυμνίου
1166 2968 1226 3028 διεδ

155 3073 354 3154 Τληπολέμου
376 3071 577 3158 ἀνῃρημένου·
601 3072 719 3134 διὸκαὶ
742 3071 899 3156 ἐπήνεγκεν
919 3073 1010 3146 αὐτὸς
1026 3071 1038 3156 ll
1057 3072 1099 3134 Τί
1118 3073 1173 3134 δαί
1190 3094 1224 3135 σε

154 3178 354 3260 Τληπόλεμός
373 3171 442 3239 ποτ’
468 3176 622 3261 εἴργασται
645 3177 756 3254 κακόν,·
781 3177 792 3261 ll
817 3179 937 3254 Nauck,
960 3180 1032 3256 stag.
1055 3187 1128 3257 trag.
1153 3185 1224 3242 597.

151 3285 200 3348 Sin
220 3286 280 3346 fero
300 3286 409 3346 auxilio
421 3283 549 3348 Aldinae
570 3287 601 3346 iu
622 3283 800 3346 restituendo
822 3285 885 3345 loeo
905 3283 1063 3364 deprauato
1085 3283 1225 3344 utendum

150 3409 214 3450 eoae
242 3410 353 3450 nauseo.
400 3389 484 3466 Quae
512 3389 585 3450 fides
612 3392 651 3450 ait
671 3390 836 3470 Euphronii
865 3391 1005 3450 ineertum
1026 3407 1090 3450 ease
1109 3387 1227 3450 uidetur

151 3496 186 3556 ef.
210 3495 299 3556 eobol.
323 3497 395 3574 Reg.
417 3530 460 3541 -
482 3488 583 3556 Ἄλλοι
611 3491 644 3556 δέ
674 3516 748 3577 φασι
771 3493 813 3566 ὡς
834 3493 991 3575 Σοφοκλῆς
1015 3491 1152 3573 ἐποίησεν
1173 3494 1227 3554 τδν

155 3599 355 3680 Τληπόλεμον
383 3609 481 3662 ταῦτα
503 3598 643 3680 λέγοντα·
665 3635 709 3648 -
739 3598 813 3660 ἔοικε
842 3596 875 3660 δέ
903 3601 1018 3678 μᾶλλον
1039 3597 1227 3681 Σοφοκλέους

151 3699 228 3767 εένοιι
250 3715 359 3768 ταῦτα.

236 3812 285 3870 Ex
314 3812 369 3871 hoo
397 3811 505 3872 acholio
534 3812 620 3870 etium
649 3808 737 3870 achel.
762 3809 842 3870 Nub.
870 3813 945 3872 1261
966 3810 1137 3889 Euphronio
1159 3809 1224 3870 red·

151 3916 278 3978 dandum
300 3926 350 3976 eet.
389 3919 458 3976 Τῶν
480 3913 695 3994 Καρκίνου.
716 3903 802 3975 Ἐπεί
825 3921 972 3996 τραγικῶς
993 3911 1166 3996 ἀνεφώνησε
1190 3914 1227 3974 τὸ

153 4020 188 4082 ut
210 4022 265 4100 μοί
283 4043 346 4100 μοι.
389 4017 428 4082 Oi
451 4018 484 4080 δέ
505 4019 663 4101 Καρκίνου
684 4019 789 4092 παῖδες
810 4015 960 4098 Ξενοκλῆς
981 4018 1032 4080 καί
1049 4013 1225 4098 Ξενότιμας,

151 4129 203 4188 καί
225 4127 242 4188 δ
262 4125 318 4205 μίν
336 4125 492 4208 χορευτής,
515 4119 664 4204 Ξενοκλῆς
679 4123 712 4186 δί
726 4125 895 4208 τραγῳδίας
908 4124 1043 4204 ποιητής.
1076 4125 1118 4186 cf.
1135 4125 1225 4186 aehol.
