2984 4740
660 273 874 334 ..12-

228 441 326 521 Atque
347 444 370 499 si
393 450 507 520 tempus
527 443 588 500 eius
610 451 687 502 recte
708 429 867 514 statuimus,
891 441 1078 500 Eratostheni
1098 441 1159 498 fere
1173 440 1302 519 aequalis

228 557 305 622 erat3
332 551 413 606 cuius
442 546 507 607 libri
537 569 568 611 π.
596 546 756 628 κωμῳδίας
778 565 842 605 cum
865 567 923 605 non
944 566 1003 605 uno
1025 555 1156 626 tempore
1176 545 1303 622 euolgati

228 671 290 712 esse
311 651 466 712 uideantur
488 650 536 731 (cf.
560 674 588 732 p.
609 652 669 734 13),
693 655 723 710 in
744 655 885 731 supremis
906 651 1024 731 quidem
1047 651 1137 721 libris,
1161 667 1220 728 qua
1242 655 1304 706 erat

166 765 195 841 ἰ
229 757 435 816 Eratosthenes
464 757 625 830 sedulitate,
657 757 820 836 Euphronii
842 759 983 816 rationem
1004 755 1133 814 habitam
1153 759 1302 832 esse‘pro·

228 861 325 922 babile
354 872 405 921 est.
451 862 674 942 Aristophanem
704 865 734 921 in
763 863 868 920 scholis
889 862 1053 944 Euphronii
1079 861 1208 937 magistri
1230 877 1302 938 opus

227 965 394 1026 adhibuisse
414 987 591 1047 quamquam
610 987 752 1047 nusquam
775 967 899 1028 traditur
918 966 1122 1048 suspicandum
1145 972 1196 1030 est.
1210 982 1302 1042 eoque

228 1072 407 1151 probabilior
428 1073 461 1131 fit
481 1075 614 1152 suspicio,
635 1073 714 1152 quod
730 1074 910 1133 Callistratus
924 1073 1154 1152 Aristophaneus
1168 1069 1302 1149 Euphro-

229 1181 270 1236 nii
291 1181 420 1255 uestigiis
443 1182 538 1237 instat.
584 1177 667 1237 Idem
688 1179 809 1238 fortasse
832 1179 867 1237 de
886 1177 1069 1238 Artemidoro
1088 1175 1302 1256 Aristophaneo

228 1285 290 1342 siue
319 1283 618 1363 Pseudaristophaneo
652 1305 766 1343 sumere
798 1286 865 1343 licet
897 1304 933 1342 ex
964 1285 1035 1362 frag.
1065 1291 1131 1344 147.
1175 1281 1207 1340 Si
1234 1299 1304 1340 uere

228 1387 332 1448 dicitur
354 1391 439 1447 etiam
462 1389 644 1448 Aristarchus
666 1390 831 1470 Euphronii
852 1388 1009 1470 discipulus
1032 1387 1081 1469 (cf.
1105 1409 1135 1466 p.
1154 1387 1198 1469 8),
1225 1387 1303 1445 hunc

201 1512 346 1572 ‚quoque
374 1493 451 1553 illius
480 1493 586 1554 librum
608 1495 713 1572 legisse
735 1494 885 1575 probabile
907 1503 958 1553 est.
1003 1493 1089 1570 Quod
1112 1501 1209 1551 autem
1229 1491 1301 1567 frag.

194 1647 197 1654 .
220 1607 287 1684 1107
313 1599 449 1660 Seleucus
464 1602 665 1661 Aristarcheus
683 1621 749 1660 cum
765 1601 935 1680 Euphronio
951 1601 1136 1676 coniungitur
1149 1617 1218 1656 num
1235 1595 1302 1655 inde

229 1703 401 1764 concludere
422 1705 465 1764 fas
487 1709 524 1765 sit
545 1706 697 1766 Seleucum
718 1706 889 1786 Euphronio
916 1705 1080 1764 oblocutum
1108 1722 1171 1762 esse
1191 1700 1301 1761 dubito.

230 1809 343 1869 Certior
373 1830 442 1870 sane
472 1821 515 1870 est
544 1814 641 1890 opinio
663 1810 835 1871 Chaeridem
866 1813 896 1869 in
918 1810 973 1869 hoc
994 1830 1114 1870 numero
1137 1806 1303 1888 ponendum

230 1933 300 1986 esse,
333 1919 383 1994 qui
412 1918 483 1994 frag.
508 1925 546 1978 65
571 1917 734 1997 Euphronii
762 1915 973 1996 imprudentem
996 1916 1215 1995 explicationem
1237 1932 1303 1990 pro-

229 2019 350 2079 bauerit.
396 2021 454 2096 Qui
484 2021 611 2101 denique
640 2022 793 2103 Antipater
822 2022 872 2081 illc
908 2025 945 2082 sit
972 2025 1044 2100 frag.
1078 2027 1114 2080 77
1150 2038 1209 2078 una
1238 2037 1302 2078 cum

229 2126 400 2204 Euphronio
422 2126 556 2186 laudatus
577 2139 605 2186 et
627 2138 690 2188 uter
710 2128 748 2187 ab
770 2138 836 2188 utro
857 2124 982 2207 pendeat
1001 2124 1145 2206 nescioss).
1183 2123 1255 2182 Cum
1273 2125 1304 2181 in

228 2231 392 2309 Euphronii
422 2232 496 2292 libro
526 2234 632 2294 multae
661 2232 697 2292 de
724 2233 847 2293 dialecto
869 2232 976 2292 Dorica
998 2230 1099 2290 doctae
1121 2239 1150 2286 et.
1171 2227 1304 2286 indoctae

229 2336 444 2398 obseruationes
466 2339 581 2410 fuerint,
606 2339 811 2419 Tryphonem,
832 2357 920 2417 quem
942 2335 1146 2414 Aristophanis
1167 2335 1303 2412 Byzantii

229 2441 347 2520 quidem
369 2446 466 2522 copias
488 2441 593 2504 adiisse
615 2452 735 2516 constat,
759 2447 789 2501 in
811 2443 885 2502 libro
908 2441 975 2522 περὶ
989 2437 1132 2521 Δωριέων
1147 2436 1303 2499 διαλέκτου

228 2546 379 2606 conflando
401 2550 541 2608 nonnulla
560 2550 732 2630 Euphronio
755 2548 889 2608 debuisse
909 2546 1047 2606 credibile
1069 2554 1128 2624 est;
1152 2545 1202 2604 sed
1224 2543 1305 2624 quod

229 2652 299 2710 Hes.
324 2673 346 2712 s.
369 2673 396 2712 v.
428 2649 557 2736 ῥαφανίς
581 2675 637 2734 pro
666 2655 837 2735 Tryphonis
863 2657 981 2713 nomine
1005 2653 1208 2732 Euphronium
1238 2650 1304 2710 sub·

229 2756 405 2817 stituendum
435 2779 496 2819 esse
524 2769 607 2840 putat
635 2759 811 2820 Schmidtius
835 2758 917 2841 (Did.
941 2781 969 2838 p.
992 2757 1096 2840 295),-
1108 2757 1225 2837 probari
1251 2759 1303 2815 uix

228 2866 363 2942 potuerit.
469 2923 471 2928 ,

316 2969 389 3028 Cum
410 2969 465 3028 hoc
487 2970 572 3030 modo
595 2970 722 3031 studium
745 2969 910 3029 comoediae
930 2989 983 3049 per
1000 2969 1203 3048 Euphronium
1225 2965 1301 3026 haud

229 3073 411 3134 mediocriter
432 3085 546 3134 auctum
568 3084 652 3148 esset,
675 3079 777 3134 tertius
801 3077 910 3134 exstitit
930 3077 981 3154 qui
1004 3077 1113 3154 primus
1134 3075 1246 3132 ratione
1275 3078 1304 3129 et

228 3183 277 3240 uia
299 3181 371 3240 haec
392 3180 488 3240 studia
509 3183 645 3241 sustinuit
667 3181 883 3240 Eratosthenes.
929 3179 988 3255 Qui
1011 3177 1178 3238 Callimachi
1208 3179 1239 3236 iu
1260 3197 1304 3236 or-

231 3285 358 3345 dinanda
396 3285 569 3345 bibliotheca
603 3286 805 3347 Alexandrina
840 3305 986 3345 successor
1022 3284 1112 3364 (Mus.
1135 3283 1228 3342 Rhen.
1252 3285 1302 3354 Vl,

229 3413 258 3470 p,
288 3393 358 3472 117)
390 3411 456 3450 cum
489 3392 526 3451 ad
558 3395 706 3472 antiquam
737 3390 914 3451 comoediam
943 3387 1122 3448 tractandam
1153 3391 1302 3468 aspiraret,

231 3496 406 3577 amplissimo
428 3517 515 3577 opere
536 3497 604 3578 περὶ
626 3496 788 3579 κωμῳδίας
816 3500 878 3556 siue
907 3495 973 3575 περὶ
996 3493 1123 3575 ἀρχαίας
1145 3491 1305 3574 κωμῳδίας

233 3621 351 3662 munere
374 3605 464 3661 critici
487 3612 515 3660 et
538 3605 702 3682 interpretis
717 3605 821 3680 insigni
837 3601 987 3679 diligentia
1001 3610 1030 3658 et
1045 3618 1176 3658 successu
1189 3598 1304 3655 functus

232 3717 283 3765 est.
329 3707 419 3768 Cuius
440 3706 559 3787 quidem
582 3711 684 3787 operis,
717 3727 753 3765 ex
780 3727 837 3786 quo
859 3706 933 3766 liber
955 3703 1141 3766 duodecimus
1164 3705 1305 3760 excitatur

231 3812 316 3892 (frug.
338 3812 394 3894 47)
427 3831 502 3891 quae
523 3814 610 3871 fuerit
631 3811 788 3894 dispositio,
812 3833 876 3871 cum
906 3831 971 3870 raro
1000 3810 1139 3870 librorum
1167 3827 1305 3867 numerus
1356 3821 1360 3829 ·

316 4055 338 4121 6)
356 4059 384 4108 Si
403 4075 464 4110 uere
483 4058 596 4108 traditur
610 4059 638 4107 in
651 4059 707 4108 cod.
718 4059 750 4108 V.
770 4051 805 4115 ὡς
820 4051 983 4127 Εὐφρόνιος,
1002 4057 1171 4119 Antipatrum
1184 4055 1303 4122 Euphro-

230 4150 276 4198 nio
295 4150 472 4212 antiquiorem
489 4147 571 4197 fuisse
589 4147 755 4196 statuendum
774 4151 821 4196 est.
