2984 4740
578 285 914 368 4·=-36-

270 455 325 526 τὰς
346 456 505 536 στρατείας
528 454 583 536 (είς
605 457 658 526 τὰς
681 455 825 538 στρατιάς
844 456 881 536 R)
904 455 1011 516 διὰτὸ
1034 457 1205 537 εὐχρηστεῖν
1222 455 1342 537 (Bernh.
1378 431 1384 457 x

271 561 434 644 εὔχρηστον
456 561 534 644 cod.)
564 561 602 620 τὰ
626 561 674 640 (τὸ
695 562 737 643 V)
766 561 841 644 πρὸς
868 561 983 642 τροφὰς
1005 559 1158 642 φέροντας,
1182 567 1271 622 τοῦτο
1293 555 1344 620 οὐν

270 665 345 747 λέγει
368 667 431 744 ὅτι,
463 667 537 728 ὅταν
558 664 681 748 γένηταί
700 689 745 737 τις
769 665 871 746 καιρδς
899 663 1044 743 πολέμου,’
1063 663 1192 747 ἔμπορον
1213 665 1344 745 ἐμαυτὸν

271 773 423 837 ὐποκαλῶ.

355 877 451 937 Schol.
465 878 542 937 Eoel.
562 884 650 943 1027.
675 869 839 960 ’Ἑμπορος
870 877 1107 959 Προηασίσομαι
1120 869 1194 936 εἶναι
1207 873 1342 958 έμπορος,

272 982 313 1054 ὡς
334 983 380 1042 ἐπὶ
404 977 643 1058 κινδσνεσόντιον,
666 982 767 1060 ἐπειδὴ
788 983 841 1042 οὐκ
863 981 1075 1065 ἐστρατεύοντο
1097 979 1124 1042 οἶ
1147 978 1279 1064 έμποροι.

356 1235 411 1293 41.
434 1233 493 1290 Eu.
535 1229 583 1287 Et.
601 1229 642 1287 M.
669 1234 738 1301 340,
757 1235 783 1295 3.
816 1223 1032 1310 Ἐνεργμός.
1073 1228 1117 1288 Τδ
1146 1225 1173 1288 δ’
1197 1228 1344 1289 αὐτὸκαὶ

272 1329 388 1414 ένερξις.
434 1335 566 1416 Κροῦμα
600 1331 820 1415 κιθαριστικόν.
865 1332 1033 1415 Εὐφρόνιος
1066 1331 1099 1393 δέ
1128 1334 1180 1394 τὸν
1210 1331 1240 1394 έν
1267 1332 1344 1417 μέσῃ

272 1438 333 1520 (Et.
357 1439 437 1497 Flor.
460 1462 489 1519 p.
517 1439 589 1520 111)
620 1445 657 1522 τῇ
682 1438 799 1526 κιθάρα
826 1439 1038 1515 πασσαλίσκον,
1069 1435 1116 1500 δι’
1147 1430 1183 1499 οὐ
1211 1439 1229 1518 ή
1248 1439 1344 1520 χορδή

272 1545 440 1627 διήρτηται.
487 1544 636 1626 Φρύνιχος
658 1543 786 1627 Κόννῳ·
811 1542 822 1627 ή
849 1544 890 1604 Τί
909 1544 962 1604 δαί
969 1569 978 1620 ,·
1000 1545 1052 1604 τὸν
1074 1543 1215 1626 ἓνεργμόν
1237 1544 1343 1625 (Gaisf.

271 1648 473 1729 κοινοτίδητον
494 1648 634 1731 ἓνεργμόν
655 1648 774 1732 111π.).ή
792 1652 877 1728 Frag.
901 1671 971 1710 com.
990 1651 1023 1710 II
1045 1655 1116 1716 582.
1161 1650 1344 1730 Quamquam

270 1757 350 1816 locus
380 1755 518 1816 obscurus
549 1765 606 1826 est,
641 1766 736 1814 tamen
766 1756 969 1835 Euphronium
998 1756 1101 1815 falsum
1132 1775 1194 1814 esse
1215 1766 1344 1837 apparet,

267 1879 336 1921 'cum
358 1881 464 1921 nomen
486 1861 648 1920 deriuatum
670 1864 700 1919 in
726 1900 764 1908 -
792 1882 848 1938 μσς
869 1859 957 1920 talem
980 1861 1216 1939 significationem
1239 1861 1346 1922 habere

271 1987 331 2026 non
350 1970 449 2046 possit.

357 2219 417 2276 42.
458 2189 556 2274 '¹‘En¹
585 2211 682 2272 Schol.
721 2213 775 2272 Av.
815 2219 849 2275 11
889 2211 1008 2293 (Sum),
1055 2208 1343 2294 Ἐξηκεστίδης.

274 2320 389 2377 Τοῦτον
411 2316 451 2388 ὡς
472 2316 553 2388 ξένον
575 2317 770 2394 ‹Vastauna-aa
793 2311 843 2376 καὶ
865 2315 977 2378 πλάνον
999 2317 1053 2388 τὰς
1074 2317 1162 2390 ὐδούς
1181 2317 1344 2399 γινώσκειν.

276 2419 314 2482 Οἱ
336 2423 393 2503 γὰρ
415 2420 489 2494 ξένοι
511 2425 626 2500 μᾶλλον
643 2420 723 2484 ίσασι
745 2424 798 2494 τὰς
814 2422 909 2495 ὁδούς.
951 2425 1048 2489 Τοῦτο
1063 2419 1098 2482 δ’
1120 2419 1157 2482 ὐδν
1172 2423 1217 2504 είη
1231 2447 1342 2504 μεμνη-

269 2526 357 2607 μένος
379 2527 428 2586 καὶ
451 2526 482 2586 έν
504 2534 567 2599 τοῖς
588 2525 689 2588 ἔπειτα
712 2529 762 2589 διὰ
783 2529 898 2589 τούτων
921 2524 932 2610 ή
958 2526 998 2588 Εἰ
1025 2525 1057 2588 δέ
1083 2528 1188 2601 δοῦλός
1210 2529 1344 2591 ἐστικαὶ

271 2634 344 2713 Κὰρ
366 2631 465 2713 ὥσπερ
484 2629 695 2714 Ἐξηκεστίδης
711 2634 750 2715 (v.
766 2632 864 2717 164)ή.
894 2621 984 2694 ’Ἐστι
1007 2630 1040 2692 δέ
1062 2634 1111 2693 καὶ
1135 2632 1233 2716 ἕτερος
1245 2684 1252 2698 .
1266 2684 1272 2698 .
1287 2684 1294 2698 .
1308 2684 1314 2697 .
1330 2633 1341 2718 ή

270 2731 373 2816 ’Έχαιν
395 2738 489 2819 λύρῖαν
512 2735 595 2820 έργον
618 2738 752 2810 Εὐδόξου
778 2738 900 2799 τιταίνει
923 2738 1061 2819 ψίθορον
1082 2738 1181 2819 εὐήθη
1204 2739 1303 2818 νόμον.
1328 2737 1341 2823 ή

271 2842 436 2923 Μέμνηται
469 2842 502 2904 δὲ
534 2846 627 2904 αὐτοῦ
657 2845 706 2904 καὶ
730 2842 880 2923 Πολέμων
908 2840 938 2903 έν
966 2845 1009 2926 τῷ
1037 2843 1167 2928 δευτέρῳ
1195 2845 1261 2928 περὶ
1290 2853 1343 2924 τῆς

252 2947 423 3040 ΙἈθήνησι
452 2945 690 3030 Ἐρατοσθένοος
719 2948 876 3027 ἐπιδημίας
907 2949 1092 3030 (ἀποδημίας
1113 2951 1152 3032 V)
1182 2948 1275 3032 λέγων
1306 2951 1343 3027 ,,1ι

270 3052 303 3128 δέ
324 3051 536 3133 Ἐξηκεστίδης
557 3052 732 3136 κιθαρῳδὸς
753 3053 941 3133 πυθιονίκης.
982 3056 1064 3138 Nm}
1086 3053 1118 3114 δέ
1140 3056 1190 3114 καὶ
1211 3057 1265 3115 τὸν
1283 3064 1343 3116 τιῖιν

270 3160 430 3243 Καρνείων
461 3157 577 3241 (Valek.
604 3159 726 3241 ίκαρίιον
749 3158 786 3219 V.
824 3159 952 3240 Καρίων
980 3160 1064 3240 Αἰδ.)
1096 3162 1196 3240 ἀγῶνα
1228 3158 1281 3218 τὸν
1313 3157 1343 3218 ἓν

271 3265 494 3343 Λακεδαίμονι,
519 3263 569 3323 καὶ
583 3264 793 3342 Παναθήναια
813 3264 1033 3345 (Παναθήναις
1047 3266 1088 3346 V)
1104 3264 1159 3335 δίς.
1193 3264 1236 3324 Of.
1254 3264 1342 3324 schol.

273 3377 343 3435 764.
371 3377 460 3437 1527,
504 3369 633 3429 Priorem
656 3379 767 3450 partem
789 3371 888 3430 scholii
911 3371 995 3430 facile
1015 3370 1202 3430 Eratostheni
1224 3370 1341 3430 tribuas.

271 3477 340 3536 Hes.
354 3472 579 3555 Ἐξηκεστίδης·
602 3476 760 3558 μοχθηρὸς
775 3475 974 3558 σοκοηοίντης.
1006 3475 1171 3536 Polemonis
1185 3479 1344 3536 sententiae

269 3583 345 3642 favet
369 3583 438 3641 Ηοο.
463 3603 486 3647 s.
508 3577 814 3660 Ἐξηκεστιδαλκίδαι.
857 3582 970 3642 Preller
990 3604 1019 3661 p.
1045 3587 1095 3644 87.
1129 3583 1237 3642 Bemh.
1260 3605 1288 3662 p.
1313 3593 1341 3644 1.

310 3899 312 3905 ,
356 3834 414 3895 43.
437 3834 476 3895 L.
498 3835 553 3893 Er.
596 3831 692 3891 Schol.
716 3832 804 3911 Vesp.
832 3839 914 3897 704.ν
938 3830 1118 3912 Λικόφριον
1147 3832 1196 3891 καὶ
1227 3828 1341 3912 οἱπερὶ

271 3931 478 4018 Ἐρατοσθένη
505 3936 540 3996 τδ
569 3935 725 4017 ἐπαφιέναι
755 3937 809 4008 τὰς
834 3936 925 4007 κύνας
954 3934 1154 4010 έπεσίζειν.
1193 3933 1268 3998 Ἀπὸ
1289 3917 1343 4015 τῆς

270 4039 472 4123 ε’πιφθέγξεαις
483 4035 534 4101 οὐν
546 4041 607 4123 (τὸ)
620 4041 766 4118 ε’πισίζειν,
780 4042 828 4102 καί
842 4043 877 4102 τὸ
888 4039 1041 4125 ὶπιρρύξαι
1053 4039 1222 4125 ἕηορμήσαι
1233 4042 1343 4120 ὁμοίαις

269 4146 353 4226 παρὰ
370 4154 423 4224 τής
440 4155 542 4228 ηιονής
559 4146 749 4228 (εἠορμήσαν
767 4147 878 4226 ὁμοίως
894 4148 974 4228 παρὰ
988 4155 1026 4231 τῇ
1042 4156 1128 4232 (μονῇ
1142 4148 1178 4223 V,
1195 4149 1288 4208 simile
1303 4149 1341 4224 G,
