2984 4740
160 475 166 487 .
266 426 468 508 προβάλλουσι
481 428 584 507 ζώνας,
593 429 721 514 [πέταλα
728 430 767 517 2]

698 263 908 328 ..64-

837 431 870 493 δέ
890 440 1030 511 χιτῶνας.
1065 428 1117 493 Ἐκ
1139 431 1247 492 τούτου
1269 432 1340 493 σύν-

837 541 913 618 ηθες
963 535 1075 618 ἐγένετο
1118 537 1218 620 κύκλῳ
1260 560 1340 617 περι-

835 640 1051 725 πορευομίνους
1092 644 1163 713 τοὺς
1202 643 1342 722 ἀθλητὰς

266 753 512 824 περινοστοῦντας
526 747 699 829 ἀγείρειν
668 771 706 807 τα
720 748 767 809 δι·
836 749 1001 831 ἐπαγείρειν
1031 748 1080 807 καὶ
1107 746 1274 826 λαμβάνειν
1303 748 1342 808 τὰ

266 847 378 927 δόμενα
411 848 480 930 (del.
515 854 622 914 Bernh
651 853 766 936 Dind..)
836 854 988 933 διδόμενα,
1032 847 1129 914 Ὅθεν
1171 852 1342 932 Σιμωνίδης

262 946 363 1033 Ἑωςι
364 952 406 1015 ιεν
418 949 496 1015 οὖν
481 981 512 1018 εν
522 958 678 1039 δγαινισμα
689 959 768 1019 κατα
837 983 864 1021 κ.
881 983 909 1023 τ.
925 962 950 1024 λ.

266 1060 320 1138 τνὴ
334 1055 569 1141 Ὀλυμπίανῆν,
594 1062 728 1142 δαψιλὴς
750 1063 892 1145 ἓγινετοὴ
908 1073 970 1126 τῶν
984 1063 1090 1147 δώρων
1105 1062 1197 1136 δόσις,
1237 1065 1340 1124 Πολυ-

265 1164 507 1244 πλασιαζομένων
529 1164 562 1228 δε
578 1167 694 1228 τούτων
718 1177 817 1230 ταῦτα
844 1167 986 1248 ἐμειοῦτο,
1011 1169 1052 1241 είς
1067 1171 1193 1242 πολλοὺς
1217 1167 1342 1250 (Bernh.

266 1272 360 1330 πολλὰ
375 1271 452 1353 eod.)
469 1271 736 1353 καταμεριζύμενα,
750 1274 801 1335 καὶ
815 1273 899 1346 τέλος
914 1277 932 1355 ἡ
948 1274 1131 1357 φυλλοβολία
1145 1277 1340 1357 κατελείφθη.

351 1378 433 1437 Eust.
469 1383 562 1452 1430,
592 1385 640 1440 37.
685 1378 821 1461 Λέγεται
856 1378 889 1441 δὲ
921 1381 999 1441 κατὰ
1034 1377 1148 1440 Αἴλιον
1182 1379 1342 1440 ’Διονύσιον

271 1477 504 1563 Ἁλικαρνασσέα
537 1483 664 1565 ἀγείρειν
694 1485 744 1545 καὶ
773 1486 808 1546 τδ
837 1485 980 1567 περιιέναι
1009 1486 1059 1545 καὶ
1089 1492 1272 1568 περινοστεῖν
1293 1484 1341 1545 ἐπὶ

266 1584 332 1667 νίκη
355 1583 374 1665 ἠ
395 1580 488 1670 ἑτέρῳ
509 1588 571 1648 τινί
590 1609 664 1670 φησι
685 1590 829 1675 τοιούτῳ·
856 1590 932 1651 ὅθεν
954 1589 1025 1663 ἲσιος
1046 1591 1097 1651 καὶ
1119 1590 1136 1650 ὁ
1158 1591 1299 1672 ἀγύρτης.

351 1691 393 1752 Of.
418 1693 489 1770 frag.
511 1715 583 1754 mm.
599 1699 628 1756 II
650 1704 698 1770 51,
716 1704 785 1759 745.
817 1697 887 1756 Hes.
911 1717 934 1758 s.
949 1717 976 1756 v.
1002 1692 1152 1777 Ἀγείρειν.
1179 1692 1338 1778 Ἅγύρτης.

268 1791 516 1878 Ἀγερσικύβηλις.
557 1796 725 1882 Ἀγυρτούς.
771 1803 819 1860 Et„
843 1801 884 1860 M.
912 1809 958 1874 14,
983 1807 1032 1864 31.
1069 1803 1103 1861 Β.
1120 1802 1178 1862 An.
1196 1808 1267 1876 331,
1292 1809 1338 1864 14.

264 1901 360 1961 Schol.
383 1902 468 1962 Pind.
492 1904 580 1983 Pyth.
604 1905 652 1964 IX
674 1911 746 1972 210.
778 1905 859 1966 Suid.
884 1926 907 1969 s.
924 1902 1077 1987 Ἀγύρτης.
1100 1907 1177 1966 Tim.
1195 1927 1218 1968 s.
1241 1906 1339 1987 Περι-

267 2007 461 2088 αγειρόμενοι.
506 2010 668 2070 Olem.A1.
695 2011 816 2091 paedag.
842 2015 902 2074 213
924 2013 959 2074 P.
1004 2012 1116 2085 Miller,
1148 2013 1230 2072 Mine.
1267 2019 1338 2075 403.

265 2113 374 2173 Muller
401 2123 467 2194 post
498 2115 606 2175 Herod.
640 2116 732 2178 Didot
760 2129 789 2198 p.
812 2125 882 2182 203.
928 2116 1035 2196 Cobet,
1065 2116 1174 2176 Mnem.
1197 2117 1244 2177 IX
1267 2123 1338 2182 431.

262 534 467 611 χιτωνίσκους,
486 534 641 609 πετάσους,
658 543 767 617 κρηπῖ-

266 637 329 710 δας.
371 638 430 699 Διδ
451 641 626 721 σύνηθες
609 637 646 701 ίν
668 643 768 725 κύκλῳ

145 2288 146 2297 ¹
264 2218 312 2278 XI
337 2223 406 2281 388.
452 2220 558 2281 Bernh.
582 2243 610 2301 p.
637 2227 707 2286 248.

350 2435 423 2492 109.
446 2432 501 2492 Er.
538 2429 634 2490 Schol.
649 2434 723 2492 Rau.
753 2439 842 2496 1028.
880 2429 1011 2513 Ἐχάρην
1025 2439 1095 2514 γοῦν
1109 2425 1188 2510 ἡνίκ’
1215 2431 1337 2510 ἤκουσα.

264 2530 315 2595 Ἐν
330 2543 392 2607 τοῖς
408 2533 581 2618 φερομένοις
595 2534 753 2616 Αἰσχύλου
768 2535 904 2618 Πέρσα
914 2560 946 2608 ις
968 2537 1036 2596 ούτε
1052 2534 1184 2618 Δαρείου
1204 2535 1339 2608 θάνατος

265 2638 478 2721 ἀπαγγέλλεται
505 2641 572 2701 ούτε
598 2643 689 2722 χορὸς
718 2644 772 2714 τὰς
798 2649 903 2724 χεῖρας
931 2640 1116 2724 συγκρούσας
1144 2639 1218 2722 λέγει
1250 2641 1337 2724 ιάυοῖ,

264 2746 341 2804 ἀλλὰ
368 2746 407 2805 τὰ
432 2743 488 2824 μίν
516 2746 680 2828 πράγματα
708 2748 866 2809 ύπόπειται
897 2747 927 2809 ἓν
948 2747 1074 2818 Σούσοις
1103 2745 1153 2806 καὶ
1175 2745 1339 2828 περίφοβός

263 2848 345 2910 ἐστιν
373 2851 392 2929 η
421 2851 523 2931 μήτηρ
552 2847 666 2934 Ξέρξου
698 2853 727 2927 ἔξ
755 2853 869 2935 ὀνείρου
899 2852 995 2924 τινός·
1025 2852 1117 2934 χορὸς
1144 2849 1177 2911 δὲ
1206 2852 1339 2934 Περσῶν

263 2952 412 3036 γερόντων
439 2954 646 3037 διαλεγόμενος
673 2960 748 3042 πρὸς
777 2959 881 3038 αὐτην,
913 2952 977 3021 είτα
1005 2959 1125 3039 ίίγγελος
1146 2955 1339 3038 ἀπαγγελλιον

263 3060 318 3140 τὴν
339 3059 405 3141 περὶ
428 3059 587 3139 Σαλαμῖνα
610 3064 779 3143 ναυμαχίαν
800 3064 851 3124 καὶ
872 3063 929 3143 τὴν
945 3058 1059 3146 Ξέρξου
1079 3062 1185 3146 φυγήν.
1222 3065 1339 3144 Χαῖρις

263 3163 299 3226 δέ
319 3185 392 3248 φησι
415 3166 450 3226 τδ
468 3165 600 3246 Δαρείου
623 3169 689 3228 ἀντὶ
712 3178 766 3230 τοῦ
832 3158 956 3240 ’Άλλαις
980 3167 1125 3248 Δίδυμος,
1140 3167 1187 3229 ὅτι
1202 3169 1237 3229 οὐ
1252 3191 1338 3250 περι-

263 3266 384 3352 Ξέρξου.
430 3272 570 3351 Σύνηθες
605 3272 663 3353 γὰρ
702 3279 765 3344 τοῖς

262 3383 400 3455 ποιηταῖς
433 3375 479 3437 ἐπὶ
507 3385 570 3438 τῶν
601 3373 675 3437 υἷῶν
701 3384 765 3449 τοῖς

262 3489 324 3541 τῶν
346 3480 484 3563 πατέριον
514 3482 640 3562 ὀνόμασι
666 3492 764 3564 χρῆσ-

262 3589 330 3647 θαι.
375 3588 462 3670 Πρὸς
490 3588 525 3649 ὃν
553 3586 633 3651 ἔστιν
662 3589 762 3665 είπεΐν,

263 3692 308 3753 ὅτι
338 3692 368 3754 ἓν
389 3696 432 3776 τῷ
455 3693 588 3776 δράματι
610 3693 725 3776 λίγεται
749 3693 761 3778 11

196 3879 199 3884 ¹
262 3792 375 3881 Ξέρξης
395 3796 450 3877 μὲν
472 3799 563 3872 αὐτὸς
588 3799 623 3884 ζῇ
652 3823 683 3861 τε
713 3801 763 3860 καὶ

260 3900 363 3982 βλέπει
386 3904 463 3986 φάος
478 3927 503 3965 v.
522 3906 615 3990 2911
639 3903 763 3988 Ἡρόδι-

262 4031 312 4080 κος
341 4008 377 4070 δέ
396 4032 468 4092 φησι
492 4011 595 4072 διττοῦ
616 4011 763 4093 γεγονέναι

261 4123 316 4175 τοῦ
338 4115 476 4177 θανάτου
509 4115 538 4198 (2
560 4118 663 4190 διττὰς
683 4141 764 4200 γεγο-

834 3273 932 3353 έχουσι
970 3273 1108 3335 θάνατον
1140 3273 1272 3356 Δαρείου
1309 3270 1338 3354 οἱ

833 3379 954 3462 Πέρσαι
976 3380 1012 3439 τδ
1035 3379 1146 3461 δρᾶμα.
1179 3378 1237 3440 Διὸ
1258 3377 1338 3450 τινὲς

833 3486 937 3557 διττὰς
959 3483 1100 3557 καθίσεις
1110 3484 1188 3566 (Cae.
1202 3482 1335 3544 καταδέ-

832 3613 892 3663 σεις
915 3597 949 3654 V.
974 3589 1075 3662 θέσεις
1097 3591 1164 3671 rel.)
1198 3587 1335 3650 τουτέστι

832 3697 1027 3767 διδασκαλίας
1041 3703 1103 3756 τῶν
1115 3697 1246 3778 Περσῶν
1261 3717 1336 3777 φασι

833 3803 883 3863 καὶ
917 3803 971 3882 τὴν
1001 3801 1074 3879 μιάν
1102 3801 1145 3880 μὴ
1175 3798 1334 3883 φέρεσθαι.

837 3906 962 3979 Τινέςδί
969 3907 1117 3990 γράφουσι
1125 3906 1268 3989 Δαρείου·
1281 3915 1338 3966 τοῦ

833 4008 946 4096 Ξέρξου
971 4011 1012 4091 [οἳ
1034 4011 1066 4074 δὲ
1088 4013 1144 4073 del.
1167 4010 1335 4095 Fritzsch.]‚

798 4174 800 4187 ,
834 4118 881 4179 ὅτι
917 4126 979 4190 τοῖς
1015 4118 1127 4199 κυρίοις
1168 4119 1233 4180 ἀντὶ
1272 4126 1336 4180 τῶν
