<?xml version="1.0" encoding="UTF-8"?>
<!DOCTYPE html PUBLIC "-//W3C//DTD XHTML 1.0 Transitional//EN"
    "http://www.w3.org/TR/xhtml1/DTD/xhtml1-transitional.dtd">
<html xmlns="http://www.w3.org/1999/xhtml" xml:lang="en" lang="en">
 <head>
  <title>
</title>
<meta http-equiv="Content-Type" content="text/html;charset=utf-8" />
  <meta name='ocr-system' content='tesseract 3.04.00' />
  <meta name='ocr-capabilities' content='ocr_page ocr_carea ocr_par ocr_line ocrx_word'/>
</head>
<body>
  <div class='ocr_page' id='page_1' title='image "./delycophroneeup01stregoog_0055.png"; bbox 0 0 2984 4740; ppageno 0'>
   <div class='ocr_carea' id='block_1_1' title="bbox 709 261 923 326">
    <p class='ocr_par' dir='ltr' id='par_1_1' title="bbox 709 261 923 326">
     <span class='ocr_line' id='line_1_1' title="bbox 709 261 923 326; baseline -0.009 -18"><span class='ocrx_word' id='word_1_1' title='bbox 709 261 923 326; x_wconf 68' lang='lat'><em>„48-</em></span> 
     </span>
    </p>
   </div>
   <div class='ocr_carea' id='block_1_2' title="bbox 281 428 1354 1557">
    <p class='ocr_par' dir='ltr' id='par_1_2' title="bbox 281 428 1353 723">
     <span class='ocr_line' id='line_1_2' title="bbox 366 428 1353 513; baseline 0.001 -24"><span class='ocrx_word' id='word_1_2' title='bbox 366 431 542 494; x_wconf 70' lang='grc' dir='ltr'><strong>801101.Ρο0.</strong></span> <span class='ocrx_word' id='word_1_3' title='bbox 556 437 615 493; x_wconf 83' lang='grc'><strong>270</strong></span> <span class='ocrx_word' id='word_1_4' title='bbox 637 428 893 512; x_wconf 64' lang='grc' dir='ltr'><em>Ὁβοροοπώλης.</em></span> <span class='ocrx_word' id='word_1_5' title='bbox 921 434 1018 492; x_wconf 83' lang='grc' dir='ltr'><em>Τοῦτο</em></span> <span class='ocrx_word' id='word_1_6' title='bbox 1033 429 1196 492; x_wconf 75' lang='grc' dir='ltr'><em>αι’νίττεται</em></span> <span class='ocrx_word' id='word_1_7' title='bbox 1213 431 1286 513; x_wconf 85' lang='grc' dir='ltr'><em>πρὸς</em></span> <span class='ocrx_word' id='word_1_8' title='bbox 1300 431 1353 491; x_wconf 88' lang='grc' dir='ltr'><em>τὸν</em></span> 
     </span>
     <span class='ocr_line' id='line_1_3' title="bbox 281 521 1350 617; baseline -0.002 -20"><span class='ocrx_word' id='word_1_9' title='bbox 281 521 410 597; x_wconf 77' lang='grc' dir='ltr'><em>Κλέωνα</em></span> <span class='ocrx_word' id='word_1_10' title='bbox 432 536 481 595; x_wconf 83' lang='grc' dir='ltr'><em>καί</em></span> <span class='ocrx_word' id='word_1_11' title='bbox 498 535 544 596; x_wconf 82' lang='grc' dir='ltr'><em>ὅτι</em></span> <span class='ocrx_word' id='word_1_12' title='bbox 558 537 636 614; x_wconf 82' lang='grc' dir='ltr'><em>μετὰ</em></span> <span class='ocrx_word' id='word_1_13' title='bbox 655 537 709 616; x_wconf 85' lang='grc' dir='ltr'><em>τὴν</em></span> <span class='ocrx_word' id='word_1_14' title='bbox 725 534 865 608; x_wconf 75' lang='grc' dir='ltr'><em>Κλέωνος</em></span> <span class='ocrx_word' id='word_1_15' title='bbox 880 537 1018 615; x_wconf 76' lang='grc' dir='ltr'><em>τελευτὴν</em></span> <span class='ocrx_word' id='word_1_16' title='bbox 1033 535 1166 615; x_wconf 74' lang='grc' dir='ltr'><strong><em>εἰσῆκται</em></strong></span> <span class='ocrx_word' id='word_1_17' title='bbox 1181 535 1217 596; x_wconf 81' lang='grc' dir='ltr'><em>τὸ</em></span> <span class='ocrx_word' id='word_1_18' title='bbox 1230 534 1350 617; x_wconf 73' lang='grc' dir='ltr'><em>δρᾶμα·</em></span> 
     </span>
     <span class='ocr_line' id='line_1_4' title="bbox 282 639 836 723; baseline 0.009 -23"><span class='ocrx_word' id='word_1_19' title='bbox 282 640 339 719; x_wconf 74' lang='grc' dir='ltr'><em>ἤδη</em></span> <span class='ocrx_word' id='word_1_20' title='bbox 360 641 418 721; x_wconf 76' lang='grc' dir='ltr'><em>γὰρ</em></span> <span class='ocrx_word' id='word_1_21' title='bbox 441 641 582 720; x_wconf 70' lang='grc' dir='ltr'><em>τεθνήκει</em></span> <span class='ocrx_word' id='word_1_22' title='bbox 605 639 765 723; x_wconf 73' lang='grc' dir='ltr'>(τέθνηκεν</span> <span class='ocrx_word' id='word_1_23' title='bbox 786 640 836 723; x_wconf 93' lang='lat' dir='ltr'><em>V).</em></span> 
     </span>
    </p>

    <p class='ocr_par' dir='ltr' id='par_1_3' title="bbox 283 744 1354 1557">
     <span class='ocr_line' id='line_1_5' title="bbox 367 744 1353 828; baseline 0.001 -23"><span class='ocrx_word' id='word_1_24' title='bbox 367 746 463 809; x_wconf 80' lang='lat' dir='ltr'><strong>schol.</strong></span> <span class='ocrx_word' id='word_1_25' title='bbox 487 747 554 810; x_wconf 82' lang='lat' dir='ltr'><strong>Pae.</strong></span> <span class='ocrx_word' id='word_1_26' title='bbox 579 752 650 811; x_wconf 84' lang='lat'><strong>283.</strong></span> <span class='ocrx_word' id='word_1_27' title='bbox 674 785 714 792; x_wconf 98' lang='lat'><strong>—</strong></span> <span class='ocrx_word' id='word_1_28' title='bbox 735 747 801 807; x_wconf 80' lang='grc' dir='ltr'><em>Καὶ</em></span> <span class='ocrx_word' id='word_1_29' title='bbox 823 746 880 828; x_wconf 78' lang='grc' dir='ltr'><em>γὰρ</em></span> <span class='ocrx_word' id='word_1_30' title='bbox 903 745 944 817; x_wconf 83' lang='grc' dir='ltr'><em>εἷς</em></span> <span class='ocrx_word' id='word_1_31' title='bbox 965 745 1140 824; x_wconf 70' lang='grc' dir='ltr'><em>συμμαχίαν</em></span> <span class='ocrx_word' id='word_1_32' title='bbox 1162 746 1314 827; x_wconf 76' lang='grc' dir='ltr'><em>πεμφθεὶς</em></span> <span class='ocrx_word' id='word_1_33' title='bbox 1336 744 1353 806; x_wconf 83' lang='grc' dir='ltr'><em>ὃ</em></span> 
     </span>
     <span class='ocr_line' id='line_1_6' title="bbox 283 845 1352 938; baseline 0 -27"><span class='ocrx_word' id='word_1_34' title='bbox 283 851 438 932; x_wconf 77' lang='grc' dir='ltr'><strong><em>Βρασίδας</em></strong></span> <span class='ocrx_word' id='word_1_35' title='bbox 460 849 506 912; x_wconf 76' lang='grc' dir='ltr'><em>ε’πί</em></span> <span class='ocrx_word' id='word_1_36' title='bbox 526 845 651 938; x_wconf 82' lang='grc' dir='ltr'><em>Θρηίκην</em></span> <span class='ocrx_word' id='word_1_37' title='bbox 673 853 751 912; x_wconf 86' lang='grc' dir='ltr'><em>κατὰ</em></span> <span class='ocrx_word' id='word_1_38' title='bbox 773 852 825 912; x_wconf 86' lang='grc' dir='ltr'><em>τὸν</em></span> <span class='ocrx_word' id='word_1_39' title='bbox 847 851 939 912; x_wconf 82' lang='grc' dir='ltr'><em>αὐτὸν</em></span> <span class='ocrx_word' id='word_1_40' title='bbox 957 850 1067 934; x_wconf 87' lang='grc' dir='ltr'><em>χρόνον</em></span> <span class='ocrx_word' id='word_1_41' title='bbox 1078 849 1201 912; x_wconf 75' lang='grc' dir='ltr'><em>’Κλέωνι</em></span> <span class='ocrx_word' id='word_1_42' title='bbox 1220 852 1352 936; x_wconf 77' lang='grc' dir='ltr'><em>τελευτᾷ.</em></span> 
     </span>
     <span class='ocr_line' id='line_1_7' title="bbox 283 955 1354 1035; baseline 0 -19"><span class='ocrx_word' id='word_1_43' title='bbox 283 955 529 1020; x_wconf 50' lang='grc'><strong>0100101100.</strong></span> <span class='ocrx_word' id='word_1_44' title='bbox 555 963 626 1020; x_wconf 81' lang='lat'><strong>282.</strong></span> <span class='ocrx_word' id='word_1_45' title='bbox 651 964 722 1022; x_wconf 84' lang='lat'><strong>284.</strong></span> <span class='ocrx_word' id='word_1_46' title='bbox 767 958 912 1018; x_wconf 79' lang='lat' dir='ltr'><strong>Conuenit</strong></span> <span class='ocrx_word' id='word_1_47' title='bbox 937 960 1025 1035; x_wconf 87' lang='lat' dir='ltr'><strong>igitur</strong></span> <span class='ocrx_word' id='word_1_48' title='bbox 1053 957 1260 1018; x_wconf 80' lang='lat' dir='ltr'><strong>Eratosthenes</strong></span> <span class='ocrx_word' id='word_1_49' title='bbox 1289 977 1354 1016; x_wconf 88' lang='lat' dir='ltr'><strong>eum</strong></span> 
     </span>
     <span class='ocr_line' id='line_1_8' title="bbox 284 1060 1353 1142; baseline 0.003 -23"><span class='ocrx_word' id='word_1_50' title='bbox 284 1060 463 1120; x_wconf 87' lang='lat' dir='ltr'><strong>Androtione</strong></span> <span class='ocrx_word' id='word_1_51' title='bbox 492 1063 580 1127; x_wconf 87' lang='lat' dir='ltr'><strong>sehol.</strong></span> <span class='ocrx_word' id='word_1_52' title='bbox 609 1063 688 1126; x_wconf 89' lang='lat' dir='ltr'><strong>Nub.</strong></span> <span class='ocrx_word' id='word_1_53' title='bbox 713 1070 784 1127; x_wconf 82' lang='grc'><strong>549.</strong></span> <span class='ocrx_word' id='word_1_54' title='bbox 827 1063 873 1123; x_wconf 92' lang='lat' dir='ltr'><em>Ibi</em></span> <span class='ocrx_word' id='word_1_55' title='bbox 896 1061 975 1142; x_wconf 89' lang='lat' dir='ltr'><strong>quod</strong></span> <span class='ocrx_word' id='word_1_56' title='bbox 996 1063 1120 1122; x_wconf 80' lang='lat' dir='ltr'><strong>traditur</strong></span> <span class='ocrx_word' id='word_1_57' title='bbox 1142 1062 1278 1124; x_wconf 80' lang='lat' dir='ltr'><strong>Cleonem</strong></span> <span class='ocrx_word' id='word_1_58' title='bbox 1299 1062 1353 1122; x_wconf 89' lang='lat' dir='ltr'><em>snb</em></span> 
     </span>
     <span class='ocr_line' id='line_1_9' title="bbox 283 1167 1353 1249; baseline 0.004 -25"><span class='ocrx_word' id='word_1_59' title='bbox 283 1167 418 1226; x_wconf 85' lang='lat' dir='ltr'><strong>Ameinie</strong></span> <span class='ocrx_word' id='word_1_60' title='bbox 438 1168 576 1228; x_wconf 78' lang='lat' dir='ltr'><strong>archonte</strong></span> <span class='ocrx_word' id='word_1_61' title='bbox 597 1178 742 1229; x_wconf 85' lang='lat' dir='ltr'><strong>mortuum</strong></span> <span class='ocrx_word' id='word_1_62' title='bbox 764 1188 827 1228; x_wconf 85' lang='lat' dir='ltr'><strong>esse</strong></span> <span class='ocrx_word' id='word_1_63' title='bbox 848 1187 885 1227; x_wconf 86' lang='lat' dir='ltr'><strong>ex</strong></span> <span class='ocrx_word' id='word_1_64' title='bbox 900 1168 1101 1228; x_wconf 82' lang='lat' dir='ltr'><strong>Eratosthenis</strong></span> <span class='ocrx_word' id='word_1_65' title='bbox 1123 1177 1283 1249; x_wconf 86' lang='lat' dir='ltr'><strong>temporum</strong></span> <span class='ocrx_word' id='word_1_66' title='bbox 1306 1169 1353 1228; x_wconf 83' lang='lat' dir='ltr'><strong>de</strong></span> 
     </span>
     <span class='ocr_line' id='line_1_10' title="bbox 283 1272 1354 1336; baseline 0.003 -6"><span class='ocrx_word' id='word_1_67' title='bbox 283 1272 413 1332; x_wconf 86' lang='lat' dir='ltr'><strong>finitione</strong></span> <span class='ocrx_word' id='word_1_68' title='bbox 442 1282 536 1332; x_wconf 85' lang='lat' dir='ltr'><strong>ortum</strong></span> <span class='ocrx_word' id='word_1_69' title='bbox 565 1283 617 1336; x_wconf 88' lang='lat' dir='ltr'><strong>est.</strong></span> <span class='ocrx_word' id='word_1_70' title='bbox 660 1275 750 1333; x_wconf 87' lang='lat' dir='ltr'><strong>Retro</strong></span> <span class='ocrx_word' id='word_1_71' title='bbox 779 1275 857 1332; x_wconf 89' lang='lat' dir='ltr'><strong>enim</strong></span> <span class='ocrx_word' id='word_1_72' title='bbox 884 1276 1041 1334; x_wconf 77' lang='lat' dir='ltr'><strong>numeratis</strong></span> <span class='ocrx_word' id='word_1_73' title='bbox 1062 1283 1125 1333; x_wconf 86' lang='lat' dir='ltr'><strong>oete</strong></span> <span class='ocrx_word' id='word_1_74' title='bbox 1148 1275 1295 1334; x_wconf 85' lang='lat' dir='ltr'><strong>mensibus</strong></span> <span class='ocrx_word' id='word_1_75' title='bbox 1315 1274 1354 1333; x_wconf 81' lang='lat' dir='ltr'><em>ab</em></span> 
     </span>
     <span class='ocr_line' id='line_1_11' title="bbox 283 1378 1354 1459; baseline 0.002 -23"><span class='ocrx_word' id='word_1_76' title='bbox 283 1379 400 1438; x_wconf 86' lang='lat' dir='ltr'><strong>ineunte</strong></span> <span class='ocrx_word' id='word_1_77' title='bbox 421 1378 651 1459; x_wconf 85' lang='lat' dir='ltr'><strong>Elaphebolione</strong></span> <span class='ocrx_word' id='word_1_78' title='bbox 679 1380 704 1438; x_wconf 90' lang='lat' dir='ltr'><em>si</em></span> <span class='ocrx_word' id='word_1_79' title='bbox 732 1381 798 1458; x_wconf 86' lang='lat' dir='ltr'><strong>quis</strong></span> <span class='ocrx_word' id='word_1_80' title='bbox 825 1379 996 1456; x_wconf 83' lang='lat' dir='ltr'><strong>neglegebat</strong></span> <span class='ocrx_word' id='word_1_81' title='bbox 1024 1399 1133 1438; x_wconf 77' lang='lat' dir='ltr'><strong>annum</strong></span> <span class='ocrx_word' id='word_1_82' title='bbox 1159 1379 1354 1438; x_wconf 70' lang='grc' dir='ltr'><strong>11110οεί0100-</strong></span> 
     </span>
     <span class='ocr_line' id='line_1_12' title="bbox 283 1482 1156 1557; baseline 0 -15"><span class='ocrx_word' id='word_1_83' title='bbox 283 1483 428 1557; x_wconf 79' lang='lat' dir='ltr'><strong>celarium,</strong></span> <span class='ocrx_word' id='word_1_84' title='bbox 451 1483 489 1544; x_wconf 85' lang='lat' dir='ltr'><strong>ed</strong></span> <span class='ocrx_word' id='word_1_85' title='bbox 511 1487 625 1544; x_wconf 87' lang='lat' dir='ltr'><strong>initium</strong></span> <span class='ocrx_word' id='word_1_86' title='bbox 647 1486 707 1544; x_wconf 83' lang='lat' dir='ltr'><strong>fere</strong></span> <span class='ocrx_word' id='word_1_87' title='bbox 728 1486 797 1544; x_wconf 85' lang='lat' dir='ltr'><strong>anni</strong></span> <span class='ocrx_word' id='word_1_88' title='bbox 817 1483 907 1542; x_wconf 79' lang='lat' dir='ltr'><strong>Attici</strong></span> <span class='ocrx_word' id='word_1_89' title='bbox 929 1482 1133 1547; x_wconf 75' lang='lat' dir='ltr'><strong>deducebatur.</strong></span> <span class='ocrx_word' id='word_1_90' title='bbox 1154 1489 1156 1496; x_wconf 62' lang='lat'><strong>⁴</strong></span> 
     </span>
    </p>
   </div>
   <div class='ocr_carea' id='block_1_3' title="bbox 281 1691 1408 2513">
    <p class='ocr_par' dir='ltr' id='par_1_4' title="bbox 281 1691 1408 2513">
     <span class='ocr_line' id='line_1_13' title="bbox 369 1691 1352 1776; baseline -0.003 -21"><span class='ocrx_word' id='word_1_91' title='bbox 369 1698 500 1757; x_wconf 65' lang='grc'><strong>7115.</strong></span> <span class='ocrx_word' id='word_1_92' title='bbox 542 1694 638 1756; x_wconf 86' lang='lat' dir='ltr'><strong>Schol.</strong></span> <span class='ocrx_word' id='word_1_93' title='bbox 660 1695 717 1755; x_wconf 85' lang='lat' dir='ltr'><em>Av.</em></span> <span class='ocrx_word' id='word_1_94' title='bbox 741 1699 812 1758; x_wconf 87' lang='grc'><strong>873.</strong></span> <span class='ocrx_word' id='word_1_95' title='bbox 843 1693 962 1776; x_wconf 74' lang='lat' dir='ltr'><em>(Suid.)</em></span> <span class='ocrx_word' id='word_1_96' title='bbox 1013 1691 1121 1753; x_wconf 75' lang='grc' dir='ltr'><em>Οὐκέτι</em></span> <span class='ocrx_word' id='word_1_97' title='bbox 1149 1693 1352 1765; x_wconf 88' lang='grc' dir='ltr'><em>Κολαινίς.</em></span> 
     </span>
     <span class='ocr_line' id='line_1_14' title="bbox 283 1792 1354 1880; baseline -0.001 -21"><span class='ocrx_word' id='word_1_98' title='bbox 283 1797 379 1879; x_wconf 83' lang='grc' dir='ltr'><em>Παρὰ</em></span> <span class='ocrx_word' id='word_1_99' title='bbox 399 1797 454 1877; x_wconf 84' lang='grc' dir='ltr'><em>τὴν</em></span> <span class='ocrx_word' id='word_1_100' title='bbox 475 1806 529 1877; x_wconf 79' lang='grc' dir='ltr'><em>τῆς</em></span> <span class='ocrx_word' id='word_1_101' title='bbox 551 1807 653 1879; x_wconf 80' lang='grc' dir='ltr'><em>φιονῆς</em></span> <span class='ocrx_word' id='word_1_102' title='bbox 676 1799 720 1880; x_wconf 93' lang='grc' dir='ltr'><em>(π.</em></span> <span class='ocrx_word' id='word_1_103' title='bbox 744 1807 804 1860; x_wconf 81' lang='grc' dir='ltr'><em>τῶν</em></span> <span class='ocrx_word' id='word_1_104' title='bbox 830 1807 939 1880; x_wconf 83' lang='grc' dir='ltr'><em>φωνῶν</em></span> <span class='ocrx_word' id='word_1_105' title='bbox 953 1798 995 1880; x_wconf 89' lang='lat' dir='ltr'><em>V)</em></span> <span class='ocrx_word' id='word_1_106' title='bbox 1017 1797 1182 1878; x_wconf 79' lang='grc' dir='ltr'><em>ὁμοιότητα</em></span> <span class='ocrx_word' id='word_1_107' title='bbox 1202 1792 1354 1880; x_wconf 73' lang='grc' dir='ltr'><em>Ἀρτέμιδι</em></span> 
     </span>
     <span class='ocr_line' id='line_1_15' title="bbox 281 1900 1354 1987; baseline 0.003 -26"><span class='ocrx_word' id='word_1_108' title='bbox 281 1900 438 1981; x_wconf 74' lang='grc' dir='ltr'><em>ἐπώνυμον</em></span> <span class='ocrx_word' id='word_1_109' title='bbox 459 1903 478 1986; x_wconf 76' lang='grc' dir='ltr'><em>ἡ</em></span> <span class='ocrx_word' id='word_1_110' title='bbox 500 1903 654 1975; x_wconf 89' lang='grc' dir='ltr'><em>Κολαινίς.</em></span> <span class='ocrx_word' id='word_1_111' title='bbox 696 1903 874 1985; x_wconf 73' lang='grc' dir='ltr'><strong><em>Μεταγένης</em></strong></span> <span class='ocrx_word' id='word_1_112' title='bbox 896 1903 928 1966; x_wconf 66' lang='lat' dir='ltr'><em>tir*</em></span> <span class='ocrx_word' id='word_1_113' title='bbox 951 1903 981 1964; x_wconf 80' lang='grc' dir='ltr'><em>ἓν</em></span> <span class='ocrx_word' id='word_1_114' title='bbox 996 1905 1117 1984; x_wconf 74' lang='grc' dir='ltr'><em>Αὔραις</em></span> <span class='ocrx_word' id='word_1_115' title='bbox 1132 1901 1144 1987; x_wconf 74' lang='grc'><strong>1)</strong></span> <span class='ocrx_word' id='word_1_116' title='bbox 1167 1902 1222 1974; x_wconf 90' lang='grc' dir='ltr'><em>Τίς</em></span> <span class='ocrx_word' id='word_1_117' title='bbox 1246 1904 1264 1982; x_wconf 81' lang='grc' dir='ltr'><em>ἡ</em></span> <span class='ocrx_word' id='word_1_118' title='bbox 1286 1903 1354 1964; x_wconf 91' lang='grc' dir='ltr'><em>Κο-</em></span> 
     </span>
     <span class='ocr_line' id='line_1_16' title="bbox 282 1999 1353 2090; baseline 0.005 -23"><span class='ocrx_word' id='word_1_119' title='bbox 282 2008 376 2080; x_wconf 78' lang='grc' dir='ltr'><em>λαινὶς</em></span> <span class='ocrx_word' id='word_1_120' title='bbox 395 1999 553 2089; x_wconf 49' lang='grc' dir='ltr'><em>Ἄρτεμις</em></span> <span class='ocrx_word' id='word_1_121' title='bbox 576 2006 670 2090; x_wconf 74' lang='grc' dir='ltr'><em>ἱερεὺς</em></span> <span class='ocrx_word' id='word_1_122' title='bbox 683 2008 741 2090; x_wconf 79' lang='grc' dir='ltr'><em>γὰρ</em></span> <span class='ocrx_word' id='word_1_123' title='bbox 756 2007 798 2070; x_wconf 80' lang='grc' dir='ltr'><em>ὢν</em></span> <span class='ocrx_word' id='word_1_124' title='bbox 811 2010 961 2090; x_wconf 79' lang='grc' dir='ltr'><em>τετόχηκα</em></span> <span class='ocrx_word' id='word_1_125' title='bbox 976 2017 1030 2088; x_wconf 81' lang='grc' dir='ltr'><em>τῆς</em></span> <span class='ocrx_word' id='word_1_126' title='bbox 1043 2008 1234 2080; x_wconf 73' lang='grc' dir='ltr'><em>Κολαινίδος.</em></span> <span class='ocrx_word' id='word_1_127' title='bbox 1266 2011 1353 2088; x_wconf 78' lang='lat' dir='ltr'><strong>Freg.</strong></span> 
     </span>
     <span class='ocr_line' id='line_1_17' title="bbox 282 2110 1356 2196; baseline 0.001 -24"><span class='ocrx_word' id='word_1_128' title='bbox 282 2133 354 2177; x_wconf 84' lang='lat' dir='ltr'><strong>eom.</strong></span> <span class='ocrx_word' id='word_1_129' title='bbox 375 2115 406 2173; x_wconf 94' lang='lat' dir='ltr'><em>II</em></span> <span class='ocrx_word' id='word_1_130' title='bbox 429 2119 498 2176; x_wconf 84' lang='lat'><strong>752.</strong></span> <span class='ocrx_word' id='word_1_131' title='bbox 516 2110 527 2196; x_wconf 84' lang='lat'><em>))</em></span> <span class='ocrx_word' id='word_1_132' title='bbox 554 2113 634 2193; x_wconf 76' lang='grc' dir='ltr'><em>Φησὶ</em></span> <span class='ocrx_word' id='word_1_133' title='bbox 657 2111 689 2174; x_wconf 71' lang='grc' dir='ltr'><em>δὲ</em></span> <span class='ocrx_word' id='word_1_134' title='bbox 711 2111 881 2187; x_wconf 81' lang='grc' dir='ltr'><em>Ἑλλάνικος</em></span> <span class='ocrx_word' id='word_1_135' title='bbox 902 2114 1055 2177; x_wconf 80' lang='grc' dir='ltr'><em>Κόλαινον</em></span> <span class='ocrx_word' id='word_1_136' title='bbox 1076 2111 1189 2196; x_wconf 84' lang='grc' dir='ltr'><em>Ἑρμοῦ</em></span> <span class='ocrx_word' id='word_1_137' title='bbox 1210 2112 1356 2195; x_wconf 78' lang='grc' dir='ltr'><em>ἀπόγονον</em></span> 
     </span>
     <span class='ocr_line' id='line_1_18' title="bbox 282 2214 1355 2301; baseline 0.002 -23"><span class='ocrx_word' id='word_1_138' title='bbox 282 2217 315 2278; x_wconf 80' lang='grc' dir='ltr'><em>εἰι</em></span> <span class='ocrx_word' id='word_1_139' title='bbox 346 2217 488 2296; x_wconf 76' lang='grc' dir='ltr'><em>μαντείου</em></span> <span class='ocrx_word' id='word_1_140' title='bbox 522 2216 601 2300; x_wconf 75' lang='grc' dir='ltr'><em>ἱερὸν</em></span> <span class='ocrx_word' id='word_1_141' title='bbox 633 2217 819 2300; x_wconf 70' lang='grc' dir='ltr'><em>ἱδρύσασθαι</em></span> <span class='ocrx_word' id='word_1_142' title='bbox 851 2220 1033 2291; x_wconf 68' lang='grc' dir='ltr'><em>Κολαινίδος</em></span> <span class='ocrx_word' id='word_1_143' title='bbox 1064 2214 1247 2301; x_wconf 76' lang='grc' dir='ltr'><em>Ἀρτέμιδος.</em></span> <span class='ocrx_word' id='word_1_144' title='bbox 1288 2220 1355 2281; x_wconf 80' lang='grc' dir='ltr'><em>Καὶ</em></span> 
     </span>
     <span class='ocr_line' id='line_1_19' title="bbox 287 2319 1408 2409; baseline 0.004 -25"><span class='ocrx_word' id='word_1_145' title='bbox 287 2322 468 2403; x_wconf 70' lang='grc' dir='ltr'><em>Φανόδημος</em></span> <span class='ocrx_word' id='word_1_146' title='bbox 489 2323 520 2384; x_wconf 78' lang='grc' dir='ltr'><em>ἓν</em></span> <span class='ocrx_word' id='word_1_147' title='bbox 542 2331 580 2406; x_wconf 82' lang='grc' dir='ltr'><em>τῇ</em></span> <span class='ocrx_word' id='word_1_148' title='bbox 602 2319 640 2385; x_wconf 71' lang='grc' dir='ltr'><strong>(λ’.</strong></span> <span class='ocrx_word' id='word_1_149' title='bbox 685 2322 854 2407; x_wconf 80' lang='grc' dir='ltr'><em>Εὐφρόνιος</em></span> <span class='ocrx_word' id='word_1_150' title='bbox 876 2323 911 2385; x_wconf 72' lang='grc' dir='ltr'><em>(λε’</em></span> <span class='ocrx_word' id='word_1_151' title='bbox 931 2346 1029 2408; x_wconf 89' lang='grc' dir='ltr'><em>φησιν,</em></span> <span class='ocrx_word' id='word_1_152' title='bbox 1053 2324 1099 2385; x_wconf 83' lang='grc' dir='ltr'><em>ὅτι</em></span> <span class='ocrx_word' id='word_1_153' title='bbox 1122 2323 1152 2384; x_wconf 77' lang='grc' dir='ltr'><em>ἐν</em></span> <span class='ocrx_word' id='word_1_154' title='bbox 1167 2319 1355 2409; x_wconf 71' lang='grc' dir='ltr'><em>Ἀμαριίνθῳ</em></span> <span class='ocrx_word' id='word_1_155' title='bbox 1406 2381 1408 2388; x_wconf 68' lang='lat'><strong>.</strong></span> 
     </span>
     <span class='ocr_line' id='line_1_20' title="bbox 282 2423 1354 2513; baseline 0 -22"><span class='ocrx_word' id='word_1_156' title='bbox 282 2423 489 2513; x_wconf 70' lang='grc' dir='ltr'><em>(Ἀμαρόνθῳ</em></span> <span class='ocrx_word' id='word_1_157' title='bbox 509 2429 551 2511; x_wconf 94' lang='lat' dir='ltr'><em>V)</em></span> <span class='ocrx_word' id='word_1_158' title='bbox 581 2431 599 2509; x_wconf 79' lang='grc' dir='ltr'><em>ἡ</em></span> <span class='ocrx_word' id='word_1_159' title='bbox 628 2431 774 2503; x_wconf 73' lang='grc' dir='ltr'><em>Κολαινὶς</em></span> <span class='ocrx_word' id='word_1_160' title='bbox 803 2431 854 2492; x_wconf 75' lang='grc' dir='ltr'><em>διὰ</em></span> <span class='ocrx_word' id='word_1_161' title='bbox 885 2431 919 2492; x_wconf 82' lang='grc' dir='ltr'><em>τό</em></span> <span class='ocrx_word' id='word_1_162' title='bbox 948 2431 1000 2490; x_wconf 84' lang='grc' dir='ltr'><em>τὸν</em></span> <span class='ocrx_word' id='word_1_163' title='bbox 1022 2423 1229 2511; x_wconf 76' lang='grc' dir='ltr'><em>Ἀγαμέμνονα</em></span> <span class='ocrx_word' id='word_1_164' title='bbox 1258 2435 1354 2493; x_wconf 73' lang='grc' dir='ltr'><em>θῦσαι</em></span> 
     </span>
    </p>
   </div>
   <div class='ocr_carea' id='block_1_4' title="bbox 280 2526 1355 3145">
    <p class='ocr_par' dir='ltr' id='par_1_5' title="bbox 280 2526 1355 2929">
     <span class='ocr_line' id='line_1_21' title="bbox 282 2526 1354 2619; baseline 0.002 -24"><span class='ocrx_word' id='word_1_165' title='bbox 282 2537 360 2618; x_wconf 80' lang='grc' dir='ltr'><em>αὐτῇ</em></span> <span class='ocrx_word' id='word_1_166' title='bbox 382 2534 445 2595; x_wconf 78' lang='grc' dir='ltr'><em>ἐκεῖ</em></span> <span class='ocrx_word' id='word_1_167' title='bbox 461 2534 544 2615; x_wconf 84' lang='grc' dir='ltr'><em>κριὸν</em></span> <span class='ocrx_word' id='word_1_168' title='bbox 576 2536 682 2616; x_wconf 85' lang='lat' dir='ltr'><strong>(Dohr.</strong></span> <span class='ocrx_word' id='word_1_169' title='bbox 705 2533 737 2596; x_wconf 75' lang='lat' dir='ltr'><em>ix</em></span> <span class='ocrx_word' id='word_1_170' title='bbox 759 2545 813 2597; x_wconf 80' lang='grc' dir='ltr'><em>τοῦ</em></span> <span class='ocrx_word' id='word_1_171' title='bbox 835 2545 928 2619; x_wconf 83' lang='grc' dir='ltr'><em>κηροῦ</em></span> <span class='ocrx_word' id='word_1_172' title='bbox 948 2536 1026 2617; x_wconf 87' lang='lat' dir='ltr'><strong>eod.)</strong></span> <span class='ocrx_word' id='word_1_173' title='bbox 1049 2534 1146 2596; x_wconf 86' lang='grc' dir='ltr'><em>κόλον.</em></span> <span class='ocrx_word' id='word_1_174' title='bbox 1185 2526 1257 2597; x_wconf 78' lang='grc' dir='ltr'><em>Ἐπὶ</em></span> <span class='ocrx_word' id='word_1_175' title='bbox 1279 2538 1354 2597; x_wconf 83' lang='grc' dir='ltr'><em>ταύ-</em></span> 
     </span>
     <span class='ocr_line' id='line_1_22' title="bbox 280 2637 1355 2725; baseline 0 -25"><span class='ocrx_word' id='word_1_176' title='bbox 280 2661 334 2719; x_wconf 92' lang='grc' dir='ltr'><em>της</em></span> <span class='ocrx_word' id='word_1_177' title='bbox 355 2637 388 2700; x_wconf 69' lang='grc' dir='ltr'><em>δι’</em></span> <span class='ocrx_word' id='word_1_178' title='bbox 402 2639 601 2718; x_wconf 76' lang='grc' dir='ltr'><em>Καλλιμαχος</em></span> <span class='ocrx_word' id='word_1_179' title='bbox 623 2639 707 2720; x_wconf 82' lang='lat' dir='ltr'><strong>(frag.</strong></span> <span class='ocrx_word' id='word_1_180' title='bbox 729 2643 782 2724; x_wconf 85' lang='lat'><em>76)</em></span> <span class='ocrx_word' id='word_1_181' title='bbox 798 2639 872 2722; x_wconf 75' lang='grc' dir='ltr'><em>λέγει</em></span> <span class='ocrx_word' id='word_1_182' title='bbox 889 2639 900 2725; x_wconf 75' lang='grc'><em>11</em></span> <span class='ocrx_word' id='word_1_183' title='bbox 920 2642 984 2721; x_wconf 75' lang='grc' dir='ltr'><em>Τὴν</em></span> <span class='ocrx_word' id='word_1_184' title='bbox 997 2639 1191 2721; x_wconf 80' lang='grc' dir='ltr'><em>ὡγαμίμνων,</em></span> <span class='ocrx_word' id='word_1_185' title='bbox 1207 2641 1248 2713; x_wconf 80' lang='grc' dir='ltr'><em>ὡς</em></span> <span class='ocrx_word' id='word_1_186' title='bbox 1263 2641 1279 2701; x_wconf 82' lang='grc' dir='ltr'>ὁ</span> <span class='ocrx_word' id='word_1_187' title='bbox 1293 2650 1355 2720; x_wconf 81' lang='grc' dir='ltr'><em>μῦ-</em></span> 
     </span>
     <span class='ocr_line' id='line_1_23' title="bbox 281 2743 1355 2830; baseline 0.002 -25"><span class='ocrx_word' id='word_1_188' title='bbox 281 2747 349 2820; x_wconf 67' lang='grc' dir='ltr'><em>θος,</em></span> <span class='ocrx_word' id='word_1_189' title='bbox 373 2743 483 2822; x_wconf 66' lang='grc' dir='ltr'><em>ε’ίσατο,</em></span> <span class='ocrx_word' id='word_1_190' title='bbox 507 2753 545 2828; x_wconf 80' lang='grc' dir='ltr'><em>τῇ</em></span> <span class='ocrx_word' id='word_1_191' title='bbox 566 2745 616 2805; x_wconf 82' lang='grc' dir='ltr'><em>καί</em></span> <span class='ocrx_word' id='word_1_192' title='bbox 638 2746 764 2826; x_wconf 83' lang='grc' dir='ltr'><em>λίποορα</em></span> <span class='ocrx_word' id='word_1_193' title='bbox 787 2748 837 2807; x_wconf 83' lang='grc' dir='ltr'><em>καὶ</em></span> <span class='ocrx_word' id='word_1_194' title='bbox 858 2745 986 2825; x_wconf 81' lang='grc' dir='ltr'><em>μόνονπα</em></span> <span class='ocrx_word' id='word_1_195' title='bbox 1008 2747 1128 2808; x_wconf 74' lang='grc' dir='ltr'><em>θύεται.</em></span> <span class='ocrx_word' id='word_1_196' title='bbox 1156 2746 1167 2830; x_wconf 74' lang='grc' dir='ltr'><em>ΙΙ</em></span> <span class='ocrx_word' id='word_1_197' title='bbox 1201 2752 1299 2809; x_wconf 83' lang='grc' dir='ltr'><em>Τοῦτο</em></span> <span class='ocrx_word' id='word_1_198' title='bbox 1321 2745 1355 2807; x_wconf 66' lang='lat' dir='ltr'><em>ris*</em></span> 
     </span>
     <span class='ocr_line' id='line_1_24' title="bbox 280 2848 618 2929; baseline 0.024 -20"><span class='ocrx_word' id='word_1_199' title='bbox 280 2850 396 2929; x_wconf 84' lang='grc' dir='ltr'><em>μήποτε</em></span> <span class='ocrx_word' id='word_1_200' title='bbox 419 2848 618 2928; x_wconf 78' lang='grc' dir='ltr'><em>ὶοχεόίαοται.</em></span> 
     </span>
    </p>

    <p class='ocr_par' dir='ltr' id='par_1_6' title="bbox 281 2956 1353 3145">
     <span class='ocr_line' id='line_1_25' title="bbox 367 2956 1353 3038; baseline 0.008 -23"><span class='ocrx_word' id='word_1_201' title='bbox 367 2956 410 3019; x_wconf 80' lang='lat' dir='ltr'><em>cf.</em></span> <span class='ocrx_word' id='word_1_202' title='bbox 433 2957 591 3034; x_wconf 83' lang='lat' dir='ltr'><strong>Theognis.</strong></span> <span class='ocrx_word' id='word_1_203' title='bbox 618 2964 652 3020; x_wconf 93' lang='grc'><em>11</em></span> <span class='ocrx_word' id='word_1_204' title='bbox 684 2959 810 3021; x_wconf 84' lang='lat' dir='ltr'><strong>Peusen.</strong></span> <span class='ocrx_word' id='word_1_205' title='bbox 843 2963 858 3020; x_wconf 95' lang='lat' dir='ltr'>I</span> <span class='ocrx_word' id='word_1_206' title='bbox 887 2965 935 3034; x_wconf 87' lang='grc'><em>31,</em></span> <span class='ocrx_word' id='word_1_207' title='bbox 960 2967 988 3022; x_wconf 89' lang='grc'><strong>5.</strong></span> <span class='ocrx_word' id='word_1_208' title='bbox 1032 2960 1165 3023; x_wconf 84' lang='lat' dir='ltr'><strong>Bursian.</strong></span> <span class='ocrx_word' id='word_1_209' title='bbox 1187 2979 1286 3038; x_wconf 83' lang='lat' dir='ltr'><strong>geogr.</strong></span> <span class='ocrx_word' id='word_1_210' title='bbox 1309 2982 1353 3038; x_wconf 84' lang='lat' dir='ltr'><em>gr.</em></span> 
     </span>
     <span class='ocr_line' id='line_1_26' title="bbox 281 3039 1148 3145; baseline 0.006 -22"><span class='ocrx_word' id='word_1_211' title='bbox 281 3066 295 3123; x_wconf 93' lang='lat' dir='ltr'>I</span> <span class='ocrx_word' id='word_1_212' title='bbox 319 3066 437 3132; x_wconf 86' lang='grc'><strong>347,1.</strong></span> <span class='ocrx_word' id='word_1_213' title='bbox 479 3039 621 3135; x_wconf 79' lang='lat' dir='ltr'><strong>Dondorf,</strong></span> <span class='ocrx_word' id='word_1_214' title='bbox 643 3065 682 3124; x_wconf 90' lang='lat' dir='ltr'><em>D.</em></span> <span class='ocrx_word' id='word_1_215' title='bbox 705 3064 810 3124; x_wconf 88' lang='lat' dir='ltr'><strong>Jonier</strong></span> <span class='ocrx_word' id='word_1_216' title='bbox 831 3065 885 3122; x_wconf 80' lang='lat' dir='ltr'><em>auf</em></span> <span class='ocrx_word' id='word_1_217' title='bbox 900 3063 978 3127; x_wconf 88' lang='lat' dir='ltr'><strong>Eub.</strong></span> <span class='ocrx_word' id='word_1_218' title='bbox 1001 3087 1030 3145; x_wconf 88' lang='lat' dir='ltr'><em>p.</em></span> <span class='ocrx_word' id='word_1_219' title='bbox 1052 3069 1102 3138; x_wconf 80' lang='lat'><em>24,</em></span> <span class='ocrx_word' id='word_1_220' title='bbox 1120 3070 1148 3128; x_wconf 91' lang='grc'><strong>8.</strong></span> 
     </span>
    </p>
   </div>
   <div class='ocr_carea' id='block_1_5' title="bbox 280 3277 1357 4204">
    <p class='ocr_par' dir='ltr' id='par_1_7' title="bbox 280 3277 1357 4204">
     <span class='ocr_line' id='line_1_27' title="bbox 367 3277 1354 3362; baseline 0.005 -24"><span class='ocrx_word' id='word_1_221' title='bbox 367 3281 422 3339; x_wconf 82' lang='lat'><em>72.</em></span> <span class='ocrx_word' id='word_1_222' title='bbox 444 3280 503 3339; x_wconf 83' lang='grc' dir='ltr'><em>Εα.</em></span> <span class='ocrx_word' id='word_1_223' title='bbox 547 3277 754 3358; x_wconf 72' lang='grc'><strong>8010111000.</strong></span> <span class='ocrx_word' id='word_1_224' title='bbox 789 3285 860 3341; x_wconf 85' lang='grc'><strong>675.</strong></span> <span class='ocrx_word' id='word_1_225' title='bbox 904 3277 1060 3340; x_wconf 82' lang='grc' dir='ltr'><em>Κόννου</em></span> <span class='ocrx_word' id='word_1_226' title='bbox 1081 3287 1196 3362; x_wconf 80' lang='grc' dir='ltr'><em>ψῆφον.</em></span> <span class='ocrx_word' id='word_1_227' title='bbox 1235 3280 1354 3354; x_wconf 81' lang='grc' dir='ltr'><em>Κίννας</em></span> 
     </span>
     <span class='ocr_line' id='line_1_28' title="bbox 280 3375 1353 3468; baseline 0.007 -27"><span class='ocrx_word' id='word_1_228' title='bbox 280 3381 454 3464; x_wconf 71' lang='grc' dir='ltr'><em>κιθαρῳδὸς</em></span> <span class='ocrx_word' id='word_1_229' title='bbox 476 3375 513 3460; x_wconf 73' lang='grc' dir='ltr'><em>ἦν</em></span> <span class='ocrx_word' id='word_1_230' title='bbox 535 3379 614 3454; x_wconf 76' lang='grc' dir='ltr'><em>ἕνεός</em></span> <span class='ocrx_word' id='word_1_231' title='bbox 636 3384 739 3466; x_wconf 87' lang='lat' dir='ltr'><strong>(Mein.</strong></span> <span class='ocrx_word' id='word_1_232' title='bbox 763 3380 826 3454; x_wconf 74' lang='grc' dir='ltr'><em>νέος</em></span> <span class='ocrx_word' id='word_1_233' title='bbox 847 3383 935 3466; x_wconf 86' lang='lat' dir='ltr'><strong>eod.)</strong></span> <span class='ocrx_word' id='word_1_234' title='bbox 969 3380 1058 3446; x_wconf 85' lang='grc' dir='ltr'><em>Ἔστι</em></span> <span class='ocrx_word' id='word_1_235' title='bbox 1081 3383 1114 3444; x_wconf 75' lang='grc' dir='ltr'><em>δὲ</em></span> <span class='ocrx_word' id='word_1_236' title='bbox 1138 3388 1283 3468; x_wconf 82' lang='grc' dir='ltr'><em>παροιμία</em></span> <span class='ocrx_word' id='word_1_237' title='bbox 1305 3387 1353 3448; x_wconf 75' lang='grc' dir='ltr'><em>ἐπὶ</em></span> 
     </span>
     <span class='ocr_line' id='line_1_29' title="bbox 281 3485 1354 3573; baseline 0.007 -27"><span class='ocrx_word' id='word_1_238' title='bbox 281 3495 342 3548; x_wconf 83' lang='grc' dir='ltr'><em>τῶν</em></span> <span class='ocrx_word' id='word_1_239' title='bbox 363 3485 517 3568; x_wconf 78' lang='grc' dir='ltr'><em>μηδεν(ὸς)</em></span> <span class='ocrx_word' id='word_1_240' title='bbox 541 3487 640 3560; x_wconf 79' lang='grc' dir='ltr'><em>ἀξίων.</em></span> <span class='ocrx_word' id='word_1_241' title='bbox 684 3488 915 3571; x_wconf 88' lang='grc' dir='ltr'><em>Καλλίστρατος</em></span> <span class='ocrx_word' id='word_1_242' title='bbox 945 3488 991 3571; x_wconf 73' lang='grc' dir='ltr'><em>(δὲ</em></span> <span class='ocrx_word' id='word_1_243' title='bbox 1012 3492 1176 3573; x_wconf 83' lang='grc' dir='ltr'><em>παροιμίαν</em></span> <span class='ocrx_word' id='word_1_244' title='bbox 1201 3492 1274 3573; x_wconf 81' lang='grc' dir='ltr'><em>φησὶ</em></span> <span class='ocrx_word' id='word_1_245' title='bbox 1296 3514 1354 3554; x_wconf 91' lang='lat' dir='ltr'><em>om.</em></span> 
     </span>
     <span class='ocr_line' id='line_1_30' title="bbox 281 3586 1356 3678; baseline 0.006 -26"><span class='ocrx_word' id='word_1_246' title='bbox 281 3592 323 3675; x_wconf 94' lang='lat' dir='ltr'><em>V)</em></span> <span class='ocrx_word' id='word_1_247' title='bbox 346 3590 468 3652; x_wconf 86' lang='grc' dir='ltr'><em>Κόννου</em></span> <span class='ocrx_word' id='word_1_248' title='bbox 490 3593 590 3674; x_wconf 74' lang='grc' dir='ltr'><em>θρῖον,</em></span> <span class='ocrx_word' id='word_1_249' title='bbox 614 3587 686 3676; x_wconf 80' lang='grc' dir='ltr'><em>παρ’</em></span> <span class='ocrx_word' id='word_1_250' title='bbox 711 3593 748 3672; x_wconf 77' lang='grc' dir='ltr'><em>ἣν</em></span> <span class='ocrx_word' id='word_1_251' title='bbox 777 3586 828 3676; x_wconf 82' lang='grc' dir='ltr'><em>(οὗ</em></span> <span class='ocrx_word' id='word_1_252' title='bbox 847 3596 888 3676; x_wconf 91' lang='lat' dir='ltr'><em>V)</em></span> <span class='ocrx_word' id='word_1_253' title='bbox 912 3594 1018 3669; x_wconf 84' lang='grc' dir='ltr'><em>παίζει.</em></span> <span class='ocrx_word' id='word_1_254' title='bbox 1063 3595 1233 3678; x_wconf 75' lang='grc' dir='ltr'><em>Εὐφρόνιος</em></span> <span class='ocrx_word' id='word_1_255' title='bbox 1252 3595 1285 3657; x_wconf 74' lang='grc' dir='ltr'><em>δὲ</em></span> <span class='ocrx_word' id='word_1_256' title='bbox 1306 3596 1356 3658; x_wconf 78' lang='grc' dir='ltr'><em>ὅτι</em></span> 
     </span>
     <span class='ocr_line' id='line_1_31' title="bbox 282 3694 1356 3782; baseline 0.004 -26"><span class='ocrx_word' id='word_1_257' title='bbox 282 3694 394 3776; x_wconf 69' lang='grc' dir='ltr'><em>ε’λίχθη</em></span> <span class='ocrx_word' id='word_1_258' title='bbox 423 3696 474 3756; x_wconf 72' lang='grc' dir='ltr'><em>διὰ</em></span> <span class='ocrx_word' id='word_1_259' title='bbox 503 3699 539 3758; x_wconf 85' lang='grc' dir='ltr'><em>τὸ</em></span> <span class='ocrx_word' id='word_1_260' title='bbox 567 3698 690 3778; x_wconf 69' lang='grc' dir='ltr'><em>ἠλίθιόν</em></span> <span class='ocrx_word' id='word_1_261' title='bbox 719 3701 823 3782; x_wconf 86' lang='lat' dir='ltr'><strong>(Mein.</strong></span> <span class='ocrx_word' id='word_1_262' title='bbox 854 3701 929 3780; x_wconf 74' lang='grc' dir='ltr'><em>ἡδύν</em></span> <span class='ocrx_word' id='word_1_263' title='bbox 958 3699 1035 3782; x_wconf 85' lang='lat' dir='ltr'><strong>cod.)</strong></span> <span class='ocrx_word' id='word_1_264' title='bbox 1065 3723 1133 3762; x_wconf 90' lang='grc' dir='ltr'><em>τινα</em></span> <span class='ocrx_word' id='word_1_265' title='bbox 1161 3699 1214 3760; x_wconf 82' lang='grc' dir='ltr'><em>τὸν</em></span> <span class='ocrx_word' id='word_1_266' title='bbox 1234 3699 1356 3761; x_wconf 90' lang='grc' dir='ltr'><em>Κόννον</em></span> 
     </span>
     <span class='ocr_line' id='line_1_32' title="bbox 282 3795 1356 3890; baseline 0.006 -29"><span class='ocrx_word' id='word_1_267' title='bbox 282 3795 367 3866; x_wconf 77' lang='grc' dir='ltr'><em>εἶναι.</em></span> <span class='ocrx_word' id='word_1_268' title='bbox 389 3799 427 3864; x_wconf 83' lang='lat' dir='ltr'><em>Oi</em></span> <span class='ocrx_word' id='word_1_269' title='bbox 439 3799 471 3862; x_wconf 75' lang='grc' dir='ltr'><em>δὲ</em></span> <span class='ocrx_word' id='word_1_270' title='bbox 477 3802 597 3864; x_wconf 90' lang='grc' dir='ltr'><em>Κόννον</em></span> <span class='ocrx_word' id='word_1_271' title='bbox 608 3802 723 3885; x_wconf 75' lang='grc' dir='ltr'><em>λέγουσι</em></span> <span class='ocrx_word' id='word_1_272' title='bbox 733 3802 935 3888; x_wconf 71' lang='grc' dir='ltr'><em>(λίγεσθαΝ)</em></span> <span class='ocrx_word' id='word_1_273' title='bbox 945 3807 996 3867; x_wconf 89' lang='grc' dir='ltr'><em>τὸν</em></span> <span class='ocrx_word' id='word_1_274' title='bbox 1008 3806 1199 3890; x_wconf 75' lang='grc' dir='ltr'><em>κιθαριστήν.</em></span> <span class='ocrx_word' id='word_1_275' title='bbox 1221 3806 1356 3885; x_wconf 82' lang='grc' dir='ltr'><em>Μήποτε</em></span> 
     </span>
     <span class='ocr_line' id='line_1_33' title="bbox 281 3905 1357 3996; baseline 0.005 -29"><span class='ocrx_word' id='word_1_276' title='bbox 281 3905 313 3967; x_wconf 74' lang='grc' dir='ltr'><em>δὲ</em></span> <span class='ocrx_word' id='word_1_277' title='bbox 329 3905 397 3968; x_wconf 79' lang='grc' dir='ltr'><em>οὐδὲ</em></span> <span class='ocrx_word' id='word_1_278' title='bbox 419 3906 494 3979; x_wconf 84' lang='grc' dir='ltr'><em>ὅλιος</em></span> <span class='ocrx_word' id='word_1_279' title='bbox 516 3907 578 3970; x_wconf 75' lang='grc' dir='ltr'><em>ἐστὶ</em></span> <span class='ocrx_word' id='word_1_280' title='bbox 594 3908 720 3987; x_wconf 87' lang='grc' dir='ltr'><em>Κόννος,</em></span> <span class='ocrx_word' id='word_1_281' title='bbox 743 3911 821 3971; x_wconf 84' lang='grc' dir='ltr'><em>ἀλλὰ</em></span> <span class='ocrx_word' id='word_1_282' title='bbox 835 3910 966 3994; x_wconf 78' lang='grc' dir='ltr'><em>Κόννας,</em></span> <span class='ocrx_word' id='word_1_283' title='bbox 989 3912 1023 3973; x_wconf 83' lang='grc' dir='ltr'><em>ὃν</em></span> <span class='ocrx_word' id='word_1_284' title='bbox 1044 3909 1251 3996; x_wconf 77' lang='grc' dir='ltr'><em>προενεγκτίον</em></span> <span class='ocrx_word' id='word_1_285' title='bbox 1271 3910 1357 3993; x_wconf 76' lang='grc' dir='ltr'><em>(οὐδὲ</em></span> 
     </span>
     <span class='ocr_line' id='line_1_34' title="bbox 280 4006 1356 4100; baseline 0.008 -29"><span class='ocrx_word' id='word_1_286' title='bbox 280 4011 507 4093; x_wconf 75' lang='grc' dir='ltr'><em>προσενεγκτίον</em></span> <span class='ocrx_word' id='word_1_287' title='bbox 534 4006 601 4074; x_wconf 78' lang='grc' dir='ltr'><em>ἀλλ’</em></span> <span class='ocrx_word' id='word_1_288' title='bbox 635 4014 682 4074; x_wconf 75' lang='grc' dir='ltr'><em>ἐπὶ</em></span> <span class='ocrx_word' id='word_1_289' title='bbox 710 4017 792 4096; x_wconf 81' lang='grc' dir='ltr'><em>βαρύ</em></span> <span class='ocrx_word' id='word_1_290' title='bbox 813 4017 855 4099; x_wconf 88' lang='lat' dir='ltr'><em>V)</em></span> <span class='ocrx_word' id='word_1_291' title='bbox 885 4017 926 4089; x_wconf 81' lang='grc' dir='ltr'><em>ὡς</em></span> <span class='ocrx_word' id='word_1_292' title='bbox 947 4018 1064 4090; x_wconf 74' lang='grc' dir='ltr'><em>Μίδας.</em></span> <span class='ocrx_word' id='word_1_293' title='bbox 1105 4017 1227 4080; x_wconf 86' lang='grc' dir='ltr'><em>Κόννου</em></span> <span class='ocrx_word' id='word_1_294' title='bbox 1248 4027 1356 4100; x_wconf 80' lang='grc' dir='ltr'><em>ψῆφος</em></span> 
     </span>
     <span class='ocr_line' id='line_1_35' title="bbox 282 4107 1355 4204; baseline 0.006 -28"><span class='ocrx_word' id='word_1_295' title='bbox 282 4110 342 4177; x_wconf 77' lang='grc' dir='ltr'><em>οἷον</em></span> <span class='ocrx_word' id='word_1_296' title='bbox 369 4118 404 4178; x_wconf 86' lang='grc' dir='ltr'><em>τὸ</em></span> <span class='ocrx_word' id='word_1_297' title='bbox 433 4117 537 4196; x_wconf 77' lang='grc' dir='ltr'><em>μηόίν.</em></span> <span class='ocrx_word' id='word_1_298' title='bbox 582 4107 706 4192; x_wconf 67' lang='grc' dir='ltr'><em>Ἄλλως.</em></span> <span class='ocrx_word' id='word_1_299' title='bbox 751 4121 883 4197; x_wconf 84' lang='grc' dir='ltr'><em>Κόννος,</em></span> <span class='ocrx_word' id='word_1_300' title='bbox 914 4123 1041 4203; x_wconf 77' lang='grc' dir='ltr'><em>εὐτελής.</em></span> <span class='ocrx_word' id='word_1_301' title='bbox 1085 4123 1203 4196; x_wconf 87' lang='grc' dir='ltr'><em>Κόννος</em></span> <span class='ocrx_word' id='word_1_302' title='bbox 1231 4123 1288 4204; x_wconf 78' lang='grc' dir='ltr'><em>γὰρ</em></span> <span class='ocrx_word' id='word_1_303' title='bbox 1315 4124 1355 4183; x_wconf 81' lang='grc' dir='ltr'><em>τὰ</em></span> 
     </span>
    </p>
   </div>
   <div class='ocr_carea' id='block_1_6' title="bbox 0 0 1497 4740">
    <p class='ocr_par' dir='ltr' id='par_1_8' title="bbox 0 0 1497 4740">
     <span class='ocr_line' id='line_1_36' title="bbox 0 0 1497 4740; baseline 0 0"><span class='ocrx_word' id='word_1_304' title='bbox 0 0 1497 4740; x_wconf 95' lang='lat' dir='ltr'><em> </em></span> 
     </span>
    </p>
   </div>
  </div>
 </body>
</html>
