2984 4740
261 1444 290 1482 m
311 1423 383 1482 mihi
406 1425 544 1502 proposui
565 1421 604 1480 de
622 1422 833 1501 Lycophroue,
855 1423 1035 1500 Euphronio,
1059 1423 1252 1482 Eratosthene

181 1437 435 1586 Oucomicorum
464 1527 670 1607 interpretibus
699 1526 855 1600 disserere,
888 1549 948 1587 rem
977 1529 1018 1586 sic
1045 1527 1252 1588 instituendam

179 1651 241 1690 esse
268 1634 385 1704 censui,
418 1641 452 1691 ut
481 1635 605 1712 primum
636 1635 734 1712 paucis
757 1635 921 1712 praemissis
949 1631 1120 1712 descriptis
1149 1633 1252 1692 horum

179 1737 394 1794 triumuirorum
408 1736 445 1794 ad
461 1736 639 1796 comoediam
655 1738 867 1817 pcrtinentibus
885 1739 1047 1816 fragmenta
1063 1757 1161 1797 eorum
1176 1757 1252 1797 com-

182 1859 329 1920 ponerem.
379 1841 478 1922 Atque
507 1863 572 1902 cum
601 1843 802 1922 Lycophronis
838 1851 866 1902 et
894 1823 1057 1922 Euphronii
1084 1843 1252 1920 hagmentis

181 1945 400 2005 Eratosthenica
432 1951 489 2006 iam
519 1968 538 2005 a
569 1948 607 2009 G.
635 1947 826 2027 Bernhardyo
858 1946 977 2007 collecta
1010 1948 1251 2030 (Eratosthenica,

180 2051 307 2110 Berolini
336 2057 422 2125 1822,
457 2073 487 2132 p.
518 2052 700 2133 aaa-237)
734 2063 888 2134 propterea
917 2055 1094 2128 consociari,
1127 2055 1206 2133 quod
1233 2076 1252 2115 a

178 2157 374 2238 Lycophrone
396 2159 508 2234 seiungi
529 2167 679 2236 nequeunt
701 2169 730 2217 ot
750 2159 891 2218 nonnulla
906 2157 1014 2218 addere
1028 2158 1103 2220 licet
1138 2160 1254 2220 Deinde

177 2283 215 2322 ex
248 2265 363 2342 scriptis
394 2264 587 2340 grammaticis
620 2283 656 2322 ea
687 2284 763 2343 quae
793 2285 829 2322 ex
864 2265 968 2324 horum
999 2263 1081 2322 libris
1112 2267 1252 2341 originem

175 2377 327 2428 traxerunt
356 2387 444 2448 quarn
472 2367 695 2447 locupletissime
715 2370 818 2429 afferre
840 2368 952 2442 studui,
987 2387 1053 2428 cum
1074 2371 1115 2428 sic
1137 2369 1252 2430 demum

179 2473 324 2534 eiusmodi
350 2474 573 2549 fragmentorum
603 2472 784 2533 collectiones
810 2476 970 2534 fructuosas
993 2475 1056 2532 fore
1076 2473 1252 2536 credendum

179 2582 217 2638 sit
246 2577 294 2658 (of.
317 2579 424 2651 Nabar,
456 2578 527 2657 prol.
551 2600 580 2658 p.
606 2577 649 2658 3).
693 2579 753 2640 Ubi
783 2579 1003 2658 lexicographos
1031 2599 1091 2639 nou
1120 2583 1252 2660 apposui,

181 2683 219 2743 ad
241 2683 335 2743 locum
355 2703 414 2743 non
436 2685 553 2743 indunt.
588 2685 666 2742 'l'um
687 2704 724 2742 ex
745 2685 919 2744 scholiorum
940 2685 1085 2761 farragine
1102 2686 1251 2760 nonnulla,

124 2845 128 2854 ,
179 2809 256 2869 quae
279 2791 342 2848 sine
370 2792 494 2848 auctoris
521 2793 639 2848 nomine
664 2789 770 2848 tradita
791 2789 926 2870 operibus
949 2809 1047 2850 eorum
1068 2790 1166 2870 aliqua
1187 2811 1253 2850 oum

177 2894 383 2976 probabilitate
408 2895 527 2954 attribui
549 2914 634 2973 posse
655 2894 820 2968 crederem,
851 2898 959 2955 inserui
980 2893 1101 2967 selecta,
1125 2903 1157 2954 ut
1178 2895 1253 2954 hanc

179 3003 379 3080 quaestionem
401 3002 492 3077 magis
514 3009 621 3059 motam
643 3019 705 3059 esse
727 3002 814 3062 uelim
829 3021 915 3082 quam
931 3001 1098 3060 confectam.
1132 3002 1254 3060 Restant

179 3108 256 3164 enim
286 3105 444 3184 permulta,
476 3105 641 3184 inquibus
672 3107 800 3167 haereas.
844 3106 902 3168 Sed
931 3109 955 3166 si
984 3107 1101 3165 omnino
1123 3126 1188 3185 spes
1210 3115 1254 3166 cst

180 3210 289 3268 scholia
310 3220 408 3269 nostra
428 3209 467 3268 ad
488 3211 617 3287 singulos
638 3224 769 3272 auctores
791 3215 890 3272 referri
918 3231 1010 3292 posse,
1042 3209 1095 3269 hae
1117 3214 1165 3270 uia
1186 3233 1253 3292 pro-

158 3314 339 3374 cedendum
363 3335 426 3374 esse
446 3315 578 3375 arbitror.

702 3487 727 3550 I.

257 3647 420 3698 scresccnte
441 3641 521 3718 poesi
541 3637 654 3698 Graeca
674 3659 739 3698 cum
760 3649 922 3720 temporum
943 3644 1016 3700 ratio
1037 3643 1128 3717 magis
1149 3640 1253 3718 tnagis-

179 3653 253 3802 D
270 3763 329 3823 que
351 3763 384 3802 eo
408 3741 579 3817 deduceret,
603 3753 635 3804 ut
656 3747 712 3803 uiri
734 3743 810 3803 docti
832 3746 1032 3822 intellegentes
1057 3745 1253 3826 praeterlapso

181 3854 310 3926 tempore
331 3847 409 3906 floris
431 3851 489 3906 iam
511 3870 584 3929 opus
605 3869 668 3909 esse
688 3850 784 3926 largos
805 3851 914 3910 fructus
936 3851 1046 3910 horreis
1070 3850 1194 3910 condere
1214 3850 1253 3910 ad

184 3951 309 4012 studium
339 3954 500 4013 litterarum
520 3974 582 4014 sese
604 3965 819 4028 conuerterant,
846 3955 995 4018 comoedia
1016 3959 1112 4015 Attica
1133 3977 1193 4016 non
1212 3957 1254 4015 ul-

180 4059 249 4116 timo
271 4058 334 4118 loco
358 4059 456 4119 habita
479 4069 530 4118 est.
575 4059 673 4139 Atque
695 4063 746 4139 qui
768 4064 896 4120 omnium
911 4060 1103 4120 doctrinarum
1120 4065 1253 4143 princeps

179 4170 209 4221 et
230 4174 330 4223 auctor
353 4175 396 4224 est
418 4163 567 4223 habendus
589 4165 768 4237 Aristoteles,
799 4183 865 4224 curn
893 4186 931 4226 ne
953 4165 1116 4226 comoediae
1137 4167 1253 4246 quidem

230 4271 369 4321 Streoker,
386 4271 520 4316 Dissertatio.
1050 4268 1063 4320 l
