<?xml version="1.0" encoding="UTF-8"?>
<!DOCTYPE html PUBLIC "-//W3C//DTD XHTML 1.0 Transitional//EN"
    "http://www.w3.org/TR/xhtml1/DTD/xhtml1-transitional.dtd">
<html xmlns="http://www.w3.org/1999/xhtml" xml:lang="en" lang="en">
 <head>
  <title>
</title>
<meta http-equiv="Content-Type" content="text/html;charset=utf-8" />
  <meta name='ocr-system' content='tesseract 3.04.00' />
  <meta name='ocr-capabilities' content='ocr_page ocr_carea ocr_par ocr_line ocrx_word'/>
</head>
<body>
  <div class='ocr_page' id='page_1' title='image "./delycophroneeup01stregoog_0096.png"; bbox 0 0 2984 4740; ppageno 0'>
   <div class='ocr_carea' id='block_1_1' title="bbox 597 312 807 375">
    <p class='ocr_par' dir='ltr' id='par_1_1' title="bbox 597 312 807 375">
     <span class='ocr_line' id='line_1_1' title="bbox 597 312 807 375; baseline 0 -18"><span class='ocrx_word' id='word_1_1' title='bbox 597 312 807 375; x_wconf 76' lang='grc'>,89-</span> 
     </span>
    </p>
   </div>
   <div class='ocr_carea' id='block_1_2' title="bbox 176 481 1244 1710">
    <p class='ocr_par' dir='ltr' id='par_1_2' title="bbox 196 481 1242 670">
     <span class='ocr_line' id='line_1_2' title="bbox 196 481 1242 564; baseline -0.002 -20"><span class='ocrx_word' id='word_1_2' title='bbox 196 494 223 544; x_wconf 91' lang='grc'><strong>7.</strong></span> <span class='ocrx_word' id='word_1_3' title='bbox 257 483 429 564; x_wconf 86' lang='lat' dir='ltr'><strong>Apollodori</strong></span> <span class='ocrx_word' id='word_1_4' title='bbox 450 483 653 543; x_wconf 82' lang='lat' dir='ltr'><strong>bibliothecam</strong></span> <span class='ocrx_word' id='word_1_5' title='bbox 669 483 718 541; x_wconf 91' lang='lat' dir='ltr'><strong>III</strong></span> <span class='ocrx_word' id='word_1_6' title='bbox 738 491 783 558; x_wconf 89' lang='grc'><strong>14,</strong></span> <span class='ocrx_word' id='word_1_7' title='bbox 799 491 827 559; x_wconf 87' lang='grc'><strong>6,</strong></span> <span class='ocrx_word' id='word_1_8' title='bbox 852 489 869 545; x_wconf 90' lang='grc'><strong>3</strong></span> <span class='ocrx_word' id='word_1_9' title='bbox 893 494 960 564; x_wconf 88' lang='lat' dir='ltr'><strong>post</strong></span> <span class='ocrx_word' id='word_1_10' title='bbox 980 483 1068 544; x_wconf 87' lang='lat' dir='ltr'><strong>uerba</strong></span> <span class='ocrx_word' id='word_1_11' title='bbox 1090 482 1143 542; x_wconf 84' lang='grc' dir='ltr'><strong>τὸν</strong></span> <span class='ocrx_word' id='word_1_12' title='bbox 1156 481 1242 563; x_wconf 78' lang='grc' dir='ltr'>γόνον</span> 
     </span>
     <span class='ocr_line' id='line_1_3' title="bbox 254 586 1151 670; baseline 0.003 -22"><span class='ocrx_word' id='word_1_13' title='bbox 254 590 294 660; x_wconf 73' lang='grc' dir='ltr'><strong>εἰς</strong></span> <span class='ocrx_word' id='word_1_14' title='bbox 315 597 370 670; x_wconf 75' lang='grc' dir='ltr'><strong>γῆν</strong></span> <span class='ocrx_word' id='word_1_15' title='bbox 392 586 496 670; x_wconf 66' lang='grc' dir='ltr'><em>ἔρριψε</em></span> <span class='ocrx_word' id='word_1_16' title='bbox 519 610 577 648; x_wconf 95' lang='lat' dir='ltr'><strong>non</strong></span> <span class='ocrx_word' id='word_1_17' title='bbox 601 589 801 668; x_wconf 77' lang='lat' dir='ltr'><strong>interpolatam</strong></span> <span class='ocrx_word' id='word_1_18' title='bbox 825 609 887 649; x_wconf 88' lang='lat' dir='ltr'><strong>esse</strong></span> <span class='ocrx_word' id='word_1_19' title='bbox 908 589 960 648; x_wconf 88' lang='lat' dir='ltr'><strong>sed</strong></span> <span class='ocrx_word' id='word_1_20' title='bbox 983 589 1151 651; x_wconf 81' lang='lat' dir='ltr'><strong>mutilatam.</strong></span> 
     </span>
    </p>

    <p class='ocr_par' dir='ltr' id='par_1_3' title="bbox 191 694 1240 968">
     <span class='ocr_line' id='line_1_4' title="bbox 191 694 1240 774; baseline -0.006 -16"><span class='ocrx_word' id='word_1_21' title='bbox 191 703 219 758; x_wconf 91' lang='lat'><strong>8.</strong></span> <span class='ocrx_word' id='word_1_22' title='bbox 257 695 341 754; x_wconf 83' lang='lat' dir='ltr'><strong>lland</strong></span> <span class='ocrx_word' id='word_1_23' title='bbox 364 694 552 774; x_wconf 81' lang='lat' dir='ltr'><strong>probabiliter</strong></span> <span class='ocrx_word' id='word_1_24' title='bbox 567 695 714 754; x_wconf 85' lang='lat' dir='ltr'><strong>Nauckius</strong></span> <span class='ocrx_word' id='word_1_25' title='bbox 735 695 773 754; x_wconf 82' lang='lat' dir='ltr'><strong>ad</strong></span> <span class='ocrx_word' id='word_1_26' title='bbox 798 697 880 754; x_wconf 86' lang='lat' dir='ltr'><strong>Hom.</strong></span> <span class='ocrx_word' id='word_1_27' title='bbox 908 697 1006 756; x_wconf 68' lang='lat'><strong>5558</strong></span> <span class='ocrx_word' id='word_1_28' title='bbox 1031 699 1061 753; x_wconf 89' lang='lat' dir='ltr'><strong>in</strong></span> <span class='ocrx_word' id='word_1_29' title='bbox 1076 695 1240 754; x_wconf 88' lang='lat' dir='ltr'><strong>Antimachi</strong></span> 
     </span>
     <span class='ocr_line' id='line_1_5' title="bbox 254 793 1239 882; baseline -0.003 -21"><span class='ocrx_word' id='word_1_30' title='bbox 254 804 412 877; x_wconf 76' lang='lat' dir='ltr'><strong>fragmento</strong></span> <span class='ocrx_word' id='word_1_31' title='bbox 436 801 495 880; x_wconf 80' lang='lat' dir='ltr'><strong>(ap,</strong></span> <span class='ocrx_word' id='word_1_32' title='bbox 521 800 628 864; x_wconf 79' lang='lat' dir='ltr'><strong>Euseb.</strong></span> <span class='ocrx_word' id='word_1_33' title='bbox 651 801 753 880; x_wconf 89' lang='lat' dir='ltr'><strong>Praep.</strong></span> <span class='ocrx_word' id='word_1_34' title='bbox 779 801 832 860; x_wconf 82' lang='lat' dir='ltr'><strong>Ev.</strong></span> <span class='ocrx_word' id='word_1_35' title='bbox 847 822 876 881; x_wconf 90' lang='lat' dir='ltr'><strong>p.</strong></span> <span class='ocrx_word' id='word_1_36' title='bbox 891 800 993 882; x_wconf 81' lang='lat' dir='ltr'><strong>467b)</strong></span> <span class='ocrx_word' id='word_1_37' title='bbox 1016 821 1068 880; x_wconf 90' lang='lat' dir='ltr'><strong>pro</strong></span> <span class='ocrx_word' id='word_1_38' title='bbox 1089 793 1126 878; x_wconf 80' lang='grc' dir='ltr'><strong>ἦν</strong></span> <span class='ocrx_word' id='word_1_39' title='bbox 1147 803 1239 880; x_wconf 88' lang='lat' dir='ltr'><strong>suspi-</strong></span> 
     </span>
     <span class='ocr_line' id='line_1_6' title="bbox 253 903 409 968; baseline 0.026 -5"><span class='ocrx_word' id='word_1_40' title='bbox 253 917 334 964; x_wconf 84' lang='lat' dir='ltr'><strong>catur</strong></span> <span class='ocrx_word' id='word_1_41' title='bbox 357 903 409 968; x_wconf 71' lang='grc' dir='ltr'><strong>ἴεν.</strong></span> 
     </span>
    </p>

    <p class='ocr_par' dir='ltr' id='par_1_4' title="bbox 192 1010 1242 1298">
     <span class='ocr_line' id='line_1_7' title="bbox 192 1010 1242 1092; baseline 0 -22"><span class='ocrx_word' id='word_1_42' title='bbox 192 1020 220 1076; x_wconf 86' lang='grc'><strong>9.</strong></span> <span class='ocrx_word' id='word_1_43' title='bbox 254 1014 343 1070; x_wconf 84' lang='lat' dir='ltr'><strong>Recte</strong></span> <span class='ocrx_word' id='word_1_44' title='bbox 361 1010 440 1092; x_wconf 90' lang='lat' dir='ltr'><strong>apud</strong></span> <span class='ocrx_word' id='word_1_45' title='bbox 463 1011 654 1071; x_wconf 85' lang='lat' dir='ltr'><strong>Gualtherum</strong></span> <span class='ocrx_word' id='word_1_46' title='bbox 676 1019 726 1086; x_wconf 91' lang='grc'><strong>66,</strong></span> <span class='ocrx_word' id='word_1_47' title='bbox 748 1019 780 1074; x_wconf 93' lang='lat' dir='ltr'><strong>ll</strong></span> <span class='ocrx_word' id='word_1_48' title='bbox 808 1012 1138 1088; x_wconf 84' lang='lat' dir='ltr'><strong>Wackernagel-Rieger</strong></span> <span class='ocrx_word' id='word_1_49' title='bbox 1152 1011 1242 1070; x_wconf 88' lang='lat' dir='ltr'><strong>edunt</strong></span> 
     </span>
     <span class='ocr_line' id='line_1_8' title="bbox 338 1115 1242 1199; baseline -0.001 -24"><span class='ocrx_word' id='word_1_50' title='bbox 338 1117 417 1178; x_wconf 83' lang='lat' dir='ltr'><strong>Swie</strong></span> <span class='ocrx_word' id='word_1_51' title='bbox 448 1115 534 1175; x_wconf 83' lang='lat' dir='ltr'><strong>dicke</strong></span> <span class='ocrx_word' id='word_1_52' title='bbox 560 1117 606 1175; x_wconf 90' lang='lat' dir='ltr'><strong>ich</strong></span> <span class='ocrx_word' id='word_1_53' title='bbox 628 1118 689 1177; x_wconf 88' lang='lat' dir='ltr'><strong>also</strong></span> <span class='ocrx_word' id='word_1_54' title='bbox 712 1139 791 1192; x_wconf 81' lang='lat' dir='ltr'><strong>maz,</strong></span> <span class='ocrx_word' id='word_1_55' title='bbox 825 1139 857 1179; x_wconf 89' lang='lat' dir='ltr'><strong>so</strong></span> <span class='ocrx_word' id='word_1_56' title='bbox 878 1139 940 1180; x_wconf 86' lang='lat' dir='ltr'><strong>was</strong></span> <span class='ocrx_word' id='word_1_57' title='bbox 962 1117 1022 1199; x_wconf 87' lang='lat' dir='ltr'><strong>(vel</strong></span> <span class='ocrx_word' id='word_1_58' title='bbox 1043 1137 1104 1180; x_wconf 80' lang='lat' dir='ltr'><strong>was</strong></span> <span class='ocrx_word' id='word_1_59' title='bbox 1126 1117 1166 1196; x_wconf 85' lang='lat' dir='ltr'><strong>ie)</strong></span> <span class='ocrx_word' id='word_1_60' title='bbox 1189 1117 1242 1175; x_wconf 85' lang='lat' dir='ltr'><strong>daz</strong></span> 
     </span>
     <span class='ocr_line' id='line_1_9' title="bbox 340 1221 512 1298; baseline 0 -18"><span class='ocrx_word' id='word_1_61' title='bbox 340 1221 414 1281; x_wconf 89' lang='lat' dir='ltr'><strong>ende</strong></span> <span class='ocrx_word' id='word_1_62' title='bbox 433 1230 512 1298; x_wconf 84' lang='lat' dir='ltr'><strong>guot.</strong></span> 
     </span>
    </p>

    <p class='ocr_par' dir='ltr' id='par_1_5' title="bbox 176 1324 1244 1407">
     <span class='ocr_line' id='line_1_10' title="bbox 176 1324 1244 1407; baseline -0.003 -17"><span class='ocrx_word' id='word_1_63' title='bbox 176 1338 222 1390; x_wconf 89' lang='lat'><strong>10.</strong></span> <span class='ocrx_word' id='word_1_64' title='bbox 257 1327 344 1407; x_wconf 89' lang='lat' dir='ltr'><strong>Apud</strong></span> <span class='ocrx_word' id='word_1_65' title='bbox 375 1324 499 1385; x_wconf 90' lang='lat' dir='ltr'><strong>eundem</strong></span> <span class='ocrx_word' id='word_1_66' title='bbox 529 1336 585 1402; x_wconf 83' lang='lat'><strong>47,</strong></span> <span class='ocrx_word' id='word_1_67' title='bbox 617 1326 667 1392; x_wconf 72' lang='lat' dir='ltr'><strong>tle</strong></span> <span class='ocrx_word' id='word_1_68' title='bbox 708 1348 773 1388; x_wconf 91' lang='lat' dir='ltr'><strong>cum</strong></span> <span class='ocrx_word' id='word_1_69' title='bbox 802 1329 934 1388; x_wconf 81' lang='lat' dir='ltr'><strong>Pleiffero</strong></span> <span class='ocrx_word' id='word_1_70' title='bbox 966 1328 1149 1388; x_wconf 86' lang='lat' dir='ltr'><strong>scribendum</strong></span> <span class='ocrx_word' id='word_1_71' title='bbox 1181 1347 1244 1388; x_wconf 86' lang='lat' dir='ltr'><strong>esse</strong></span> 
     </span>
    </p>

    <p class='ocr_par' dir='ltr' id='par_1_6' title="bbox 256 1453 1047 1710">
     <span class='ocr_line' id='line_1_11' title="bbox 256 1453 358 1493; baseline 0 0"><span class='ocrx_word' id='word_1_72' title='bbox 256 1453 358 1493; x_wconf 86' lang='lat' dir='ltr'><strong>censeo</strong></span> 
     </span>
     <span class='ocr_line' id='line_1_12' title="bbox 420 1538 961 1600; baseline 0 -4"><span class='ocrx_word' id='word_1_73' title='bbox 420 1539 479 1596; x_wconf 93' lang='lat' dir='ltr'><strong>Diu</strong></span> <span class='ocrx_word' id='word_1_74' title='bbox 500 1539 600 1596; x_wconf 80' lang='lat' dir='ltr'><strong>minue</strong></span> <span class='ocrx_word' id='word_1_75' title='bbox 620 1546 683 1597; x_wconf 88' lang='lat' dir='ltr'><strong>tuot</strong></span> <span class='ocrx_word' id='word_1_76' title='bbox 704 1538 886 1597; x_wconf 89' lang='lat' dir='ltr'><strong>unlobeliche</strong></span> <span class='ocrx_word' id='word_1_77' title='bbox 907 1558 961 1600; x_wconf 89' lang='lat' dir='ltr'><strong>we.</strong></span> 
     </span>
     <span class='ocr_line' id='line_1_13' title="bbox 422 1642 1047 1710; baseline 0.003 -10"><span class='ocrx_word' id='word_1_78' title='bbox 422 1642 522 1703; x_wconf 89' lang='lat' dir='ltr'><strong>Hohiu</strong></span> <span class='ocrx_word' id='word_1_79' title='bbox 543 1644 642 1702; x_wconf 87' lang='lat' dir='ltr'><strong>minna</strong></span> <span class='ocrx_word' id='word_1_80' title='bbox 663 1644 757 1702; x_wconf 81' lang='lat' dir='ltr'><strong>heizet</strong></span> <span class='ocrx_word' id='word_1_81' title='bbox 779 1643 829 1703; x_wconf 94' lang='lat' dir='ltr'><strong>diu</strong></span> <span class='ocrx_word' id='word_1_82' title='bbox 850 1642 903 1702; x_wconf 86' lang='lat' dir='ltr'><strong>daz</strong></span> <span class='ocrx_word' id='word_1_83' title='bbox 926 1643 1047 1710; x_wconf 82' lang='lat' dir='ltr'><strong>machot.</strong></span> 
     </span>
    </p>
   </div>
   <div class='ocr_carea' id='block_1_3' title="bbox 180 1767 1244 1954">
    <p class='ocr_par' dir='ltr' id='par_1_7' title="bbox 180 1767 1244 1954">
     <span class='ocr_line' id='line_1_14' title="bbox 180 1767 1244 1850; baseline -0.002 -20"><span class='ocrx_word' id='word_1_84' title='bbox 180 1775 226 1831; x_wconf 88' lang='lat' dir='ltr'><strong>ll.</strong></span> <span class='ocrx_word' id='word_1_85' title='bbox 261 1767 390 1828; x_wconf 82' lang='lat' dir='ltr'><strong>Otfiidus</strong></span> <span class='ocrx_word' id='word_1_86' title='bbox 419 1789 485 1828; x_wconf 91' lang='lat' dir='ltr'><strong>cum</strong></span> <span class='ocrx_word' id='word_1_87' title='bbox 514 1769 583 1828; x_wconf 86' lang='lat' dir='ltr'><strong>dicit</strong></span> <span class='ocrx_word' id='word_1_88' title='bbox 612 1767 723 1850; x_wconf 85' lang='lat' dir='ltr'><strong>(Liutb.</strong></span> <span class='ocrx_word' id='word_1_89' title='bbox 749 1768 802 1850; x_wconf 86' lang='lat'><strong>35)</strong></span> <span class='ocrx_word' id='word_1_90' title='bbox 836 1789 867 1828; x_wconf 89' lang='lat' dir='ltr'><strong>se</strong></span> <span class='ocrx_word' id='word_1_91' title='bbox 888 1769 1014 1828; x_wconf 89' lang='lat' dir='ltr'><strong>medium</strong></span> <span class='ocrx_word' id='word_1_92' title='bbox 1036 1773 1131 1848; x_wconf 89' lang='lat' dir='ltr'><strong>operis</strong></span> <span class='ocrx_word' id='word_1_93' title='bbox 1152 1772 1244 1828; x_wconf 83' lang='lat' dir='ltr'><strong>novis-</strong></span> 
     </span>
     <span class='ocr_line' id='line_1_15' title="bbox 260 1873 1244 1954; baseline 0.001 -21"><span class='ocrx_word' id='word_1_94' title='bbox 260 1877 331 1933; x_wconf 87' lang='lat' dir='ltr'><strong>sime</strong></span> <span class='ocrx_word' id='word_1_95' title='bbox 360 1874 499 1950; x_wconf 75' lang='lat' dir='ltr'><strong>edidisse,</strong></span> <span class='ocrx_word' id='word_1_96' title='bbox 530 1876 599 1934; x_wconf 90' lang='lat' dir='ltr'><strong>dicit</strong></span> <span class='ocrx_word' id='word_1_97' title='bbox 628 1873 732 1934; x_wconf 90' lang='lat' dir='ltr'><strong>librum</strong></span> <span class='ocrx_word' id='word_1_98' title='bbox 762 1877 878 1934; x_wconf 87' lang='lat' dir='ltr'><strong>tertium</strong></span> <span class='ocrx_word' id='word_1_99' title='bbox 905 1877 1033 1934; x_wconf 84' lang='lat' dir='ltr'><strong>conlecto</strong></span> <span class='ocrx_word' id='word_1_100' title='bbox 1056 1878 1111 1934; x_wconf 92' lang='lat' dir='ltr'><strong>iam</strong></span> <span class='ocrx_word' id='word_1_101' title='bbox 1134 1874 1244 1954; x_wconf 87' lang='lat' dir='ltr'><strong>reliquo</strong></span> 
     </span>
    </p>
   </div>
   <div class='ocr_carea' id='block_1_4' title="bbox 179 1989 1247 2276">
    <p class='ocr_par' dir='ltr' id='par_1_8' title="bbox 179 1989 1247 2276">
     <span class='ocr_line' id='line_1_16' title="bbox 259 1989 733 2059; baseline 0.004 -21"><span class='ocrx_word' id='word_1_102' title='bbox 259 2000 346 2059; x_wconf 91' lang='lat' dir='ltr'><strong>opere</strong></span> <span class='ocrx_word' id='word_1_103' title='bbox 365 2001 383 2038; x_wconf 91' lang='lat' dir='ltr'><strong>a</strong></span> <span class='ocrx_word' id='word_1_104' title='bbox 404 2001 436 2040; x_wconf 89' lang='lat' dir='ltr'><strong>sc</strong></span> <span class='ocrx_word' id='word_1_105' title='bbox 458 1989 640 2040; x_wconf 85' lang='lat' dir='ltr'><strong>retractatum</strong></span> <span class='ocrx_word' id='word_1_106' title='bbox 663 2000 733 2040; x_wconf 84' lang='lat' dir='ltr'><strong>csse.</strong></span> 
     </span>
     <span class='ocr_line' id='line_1_17' title="bbox 179 2086 1247 2166; baseline -0.002 -20"><span class='ocrx_word' id='word_1_107' title='bbox 179 2091 225 2146; x_wconf 80' lang='lat'><strong>12.</strong></span> <span class='ocrx_word' id='word_1_108' title='bbox 258 2087 294 2143; x_wconf 94' lang='lat' dir='ltr'><strong>In</strong></span> <span class='ocrx_word' id='word_1_109' title='bbox 323 2089 448 2145; x_wconf 87' lang='lat' dir='ltr'><strong>carmine</strong></span> <span class='ocrx_word' id='word_1_110' title='bbox 479 2088 618 2146; x_wconf 87' lang='lat' dir='ltr'><strong>theotisco</strong></span> <span class='ocrx_word' id='word_1_111' title='bbox 641 2088 806 2160; x_wconf 79' lang='lat' dir='ltr'><strong>wernheri,</strong></span> <span class='ocrx_word' id='word_1_112' title='bbox 840 2086 917 2166; x_wconf 88' lang='lat' dir='ltr'><strong>quod</strong></span> <span class='ocrx_word' id='word_1_113' title='bbox 940 2086 1104 2146; x_wconf 85' lang='lat' dir='ltr'><strong>inscribitur</strong></span> <span class='ocrx_word' id='word_1_114' title='bbox 1126 2087 1163 2144; x_wconf 90' lang='lat' dir='ltr'><strong>Di</strong></span> <span class='ocrx_word' id='word_1_115' title='bbox 1187 2088 1247 2144; x_wconf 87' lang='lat' dir='ltr'><strong>viar</strong></span> 
     </span>
     <span class='ocr_line' id='line_1_18' title="bbox 258 2191 1244 2276; baseline -0.001 -27"><span class='ocrx_word' id='word_1_116' title='bbox 258 2191 377 2250; x_wconf 80' lang='lat' dir='ltr'><strong>Schivin</strong></span> <span class='ocrx_word' id='word_1_117' title='bbox 404 2212 476 2250; x_wconf 89' lang='lat' dir='ltr'><strong>vers.</strong></span> <span class='ocrx_word' id='word_1_118' title='bbox 507 2198 560 2266; x_wconf 87' lang='grc'><strong>66,</strong></span> <span class='ocrx_word' id='word_1_119' title='bbox 591 2198 630 2254; x_wconf 82' lang='grc'><strong>20</strong></span> <span class='ocrx_word' id='word_1_120' title='bbox 655 2213 714 2273; x_wconf 86' lang='lat' dir='ltr'><strong>seq.</strong></span> <span class='ocrx_word' id='word_1_121' title='bbox 750 2192 808 2276; x_wconf 86' lang='lat' dir='ltr'><strong>(ed.</strong></span> <span class='ocrx_word' id='word_1_122' title='bbox 832 2192 958 2273; x_wconf 85' lang='lat' dir='ltr'><strong>Grimm)</strong></span> <span class='ocrx_word' id='word_1_123' title='bbox 988 2213 1025 2250; x_wconf 83' lang='lat' dir='ltr'><strong>ex</strong></span> <span class='ocrx_word' id='word_1_124' title='bbox 1048 2201 1098 2266; x_wconf 89' lang='grc'><strong>61,</strong></span> <span class='ocrx_word' id='word_1_125' title='bbox 1125 2197 1161 2253; x_wconf 80' lang='lat'><strong>12</strong></span> <span class='ocrx_word' id='word_1_126' title='bbox 1184 2211 1244 2270; x_wconf 87' lang='lat' dir='ltr'><strong>seq.</strong></span> 
     </span>
    </p>
   </div>
   <div class='ocr_carea' id='block_1_5' title="bbox 259 2296 1115 2584">
    <p class='ocr_par' dir='ltr' id='par_1_9' title="bbox 259 2296 1115 2584">
     <span class='ocr_line' id='line_1_19' title="bbox 259 2296 516 2356; baseline 0 -1"><span class='ocrx_word' id='word_1_127' title='bbox 259 2296 427 2356; x_wconf 84' lang='lat' dir='ltr'><strong>restituendi</strong></span> <span class='ocrx_word' id='word_1_128' title='bbox 448 2306 516 2356; x_wconf 89' lang='lat' dir='ltr'><strong>sunt</strong></span> 
     </span>
     <span class='ocr_line' id='line_1_20' title="bbox 351 2402 1115 2464; baseline 0.001 -4"><span class='ocrx_word' id='word_1_129' title='bbox 351 2402 390 2461; x_wconf 84' lang='lat' dir='ltr'><strong>So</strong></span> <span class='ocrx_word' id='word_1_130' title='bbox 413 2404 555 2463; x_wconf 90' lang='lat' dir='ltr'><strong>inmohtin</strong></span> <span class='ocrx_word' id='word_1_131' title='bbox 577 2403 607 2462; x_wconf 90' lang='lat' dir='ltr'><strong>di</strong></span> <span class='ocrx_word' id='word_1_132' title='bbox 629 2402 757 2464; x_wconf 87' lang='lat' dir='ltr'><strong>wunden</strong></span> <span class='ocrx_word' id='word_1_133' title='bbox 778 2405 893 2462; x_wconf 90' lang='lat' dir='ltr'><strong>nimmir</strong></span> <span class='ocrx_word' id='word_1_134' title='bbox 912 2403 1002 2462; x_wconf 90' lang='lat' dir='ltr'><strong>solich</strong></span> <span class='ocrx_word' id='word_1_135' title='bbox 1023 2405 1115 2464; x_wconf 82' lang='lat' dir='ltr'><strong>wesin</strong></span> 
     </span>
     <span class='ocr_line' id='line_1_21' title="bbox 350 2507 909 2584; baseline 0.002 -19"><span class='ocrx_word' id='word_1_136' title='bbox 350 2507 398 2568; x_wconf 88' lang='lat' dir='ltr'><strong>He</strong></span> <span class='ocrx_word' id='word_1_137' title='bbox 417 2508 530 2567; x_wconf 87' lang='lat' dir='ltr'><strong>inaolde</strong></span> <span class='ocrx_word' id='word_1_138' title='bbox 549 2510 574 2568; x_wconf 91' lang='lat' dir='ltr'><strong>ir</strong></span> <span class='ocrx_word' id='word_1_139' title='bbox 596 2507 686 2566; x_wconf 88' lang='lat' dir='ltr'><strong>harde</strong></span> <span class='ocrx_word' id='word_1_140' title='bbox 706 2507 766 2568; x_wconf 91' lang='lat' dir='ltr'><strong>wol</strong></span> <span class='ocrx_word' id='word_1_141' title='bbox 787 2510 909 2584; x_wconf 81' lang='lat' dir='ltr'><strong>ginesio.</strong></span> 
     </span>
    </p>
   </div>
   <div class='ocr_carea' id='block_1_6' title="bbox 0 0 1507 4740">
    <p class='ocr_par' dir='ltr' id='par_1_10' title="bbox 0 0 1507 4740">
     <span class='ocr_line' id='line_1_22' title="bbox 0 0 1507 4740; baseline 0 0"><span class='ocrx_word' id='word_1_142' title='bbox 0 0 1507 4740; x_wconf 95' lang='lat' dir='ltr'><strong> </strong></span> 
     </span>
    </p>
   </div>
  </div>
 </body>
</html>
