2984 4740
701 328 746 339 ..
788 283 916 358 26'..

355 470 407 526 11.
429 467 484 531 Er.
527 463 602 522 Poll.
625 468 654 526 X
678 471 727 530 60.

355 604 399 614 -
432 568 459 628 εί
487 565 521 628 δὲ
550 567 599 628 καὶ
629 568 664 629 τδ
695 569 929 650 ἀναλογεῖον
957 567 1073 641 ἓθελοις
1102 567 1346 651 προσονομάζειν,

271 671 350 733 οὕτω
370 671 426 752 μὲν
447 671 496 734 ἐπὶ
518 681 573 734 τοῦ
594 679 657 746 τοῖς
677 674 808 752 βιβλίοις
830 671 1060 752 ὗποκεισομένου
1078 673 1151 759 παρ’
1171 675 1269 738 οὐδενὶ
1284 683 1347 736 τῶν

163 795 165 802 ’
270 776 451 860 κεκριμένων
474 769 560 860 εὗρον
582 813 627 826 --
654 780 738 860 παρὰ
765 778 868 858 μέντοι
900 776 1112 861 Ἐρατοσθένει
1141 780 1173 841 έν
1193 789 1257 854 τοῖς
1277 779 1345 861 περὶ

270 883 447 968 κωμῳδίας,
478 883 519 956 ὡς
549 881 667 964 ἐχοιμέν
694 907 763 946 τινοι
783 894 838 946 τοῦ
859 883 1007 964 ὀνόματος
1031 885 1119 946 τοῦδε
1141 886 1345 969 ἀποστροφήν,

270 987 367 1070 εὕροις
388 985 426 1048 δν
446 989 578 1067 τοῦνομα
599 988 645 1050 ἐπὶ
668 999 723 1051 τοῦ
743 989 866 1062 σκεύους
888 998 943 1051 τοῦ
964 997 1027 1063 τοῖς
1044 991 1175 1070 βιβλίοις
1182 991 1345 1073 χρησίμου.

271 1095 351 1156 Suid.
375 1095 562 1176 δναλογεῖον·
589 1094 620 1155 ἐν
641 1083 666 1179 ᾧ
688 1095 827 1156 τίθενται
849 1095 888 1155 τὰ
908 1095 1025 1173 βιβλία.

272 1202 341 1260 Hes.
354 1199 609 1281 ἀναγνωστήριον·
621 1200 793 1282 ἀναλογεῖον
802 1199 1068 1284 (ἀναλόγιονοοᾶ.).
1085 1197 1198 1264 ’Βετολα
1206 1205 1278 1283 frag
1286 1205 1345 1266 III.

356 1395 413 1452 12.
436 1393 474 1451 L.
517 1390 662 1471 Porphyr.
686 1411 732 1472 ep.
756 1391 865 1451 Euseb.
888 1411 987 1473 praep.
1011 1412 1054 1453 ev.
1080 1394 1211 1458 estet.
1255 1391 1291 1456 ‘0
1311 1393 1345 1456 δὲ

275 1491 510 1573 Ἀντίμαχος
543 1495 583 1556 τὰ
614 1491 749 1576 Ὁμήρου
781 1493 916 1556 κλέπτων
952 1497 1167 1579 παραδιορθοΐ.
1195 1496 1345 1582 ’Ὁμήρου

270 1600 328 1681 γὰρ
361 1598 496 1671 εἰπόντος
529 1599 557 1681 (1
581 1600 656 1683 558)
683 1598 695 1684 ΙΙ
722 1591 813 1660 ’Ἰδειίι
846 1596 892 1672 θ’,
916 1600 949 1673 ὃς
977 1601 1136 1684 κάρτιστος
1165 1603 1348 1684 ἐπιχθονίων

269 1702 361 1786 γένετ’
385 1705 503 1787 ἀνδρῶν
524 1703 535 1787 ΙΙ
554 1701 733 1785 Ἀντίμαχος
755 1702 830 1786 λέγει
847 1702 859 1788 υ
874 1695 965 1766 Ἴδεώ
987 1703 1033 1783 θ’,
1046 1707 1078 1780 ὃς
1099 1707 1258 1790 κάρτιστος
1280 1709 1344 1772 ἔπι-

267 1810 404 1890 χθονιίον
425 1804 463 1890 ἦν
485 1810 603 1891 ἀνδρῶν
619 1810 643 1895 Η
688 1811 754 1872 Καὶ
774 1811 1004 1895 Λυκόφρων
1033 1811 1150 1874 έπαινεΐ
1174 1815 1229 1894 τὴν
1249 1815 1344 1895 μετά-

269 1919 357 1977 θεσιν
379 1915 421 1987 ὡς
442 1911 489 1975 δι’
512 1917 606 1996 αὐτῆς
628 1914 839 1998 ίστηριγμένοο
863 1925 917 1978 τοῦ
939 1917 1052 1998 στίχου.

356 2111 409 2168 13.
433 2109 471 2168 L.
515 2107 625 2166 Athen.
647 2109 728 2170 XIII
751 2117 846 2172 55521.
888 2106 1127 2190 Ἀντιφάνης
1148 2109 1164 2170 ὁ
1187 2111 1345 2194 κωμῳδεο·

200 2295 205 2300 .
268 2211 369 2287 ποιός,
407 2206 505 2294 ἓταῖρε
539 2203 744 2293 Τιμόκρατες,
781 2213 822 2286 ὡς
854 2212 1034 2296 ἀνεγίνωσκέ
1059 2237 1127 2275 τινα
1155 2216 1199 2300 τῷ
1227 2217 1351 2293 βασιλεῖ

272 2308 457 2402 Ἀλεξάνδρῳ
479 2326 540 2378 τῶν
559 2313 668 2380 ἑαυτοῦ
689 2319 867 2402 κωμῳδιῶν,
890 2317 906 2379 δ
929 2317 962 2380 δὲ
984 2319 1073 2398 δῆλος
1095 2313 1133 2399 ἦν
1158 2321 1194 2380 οὐ
1214 2319 1294 2381 πάνυ
1315 2343 1345 2384 τι

270 2423 497 2503 ἀποδεχόμενος,
520 2424 570 2484 δεῖ
586 2422 654 2505 γάρ,
677 2421 796 2507 ἔφησεν,
817 2415 841 2484 ὦ
862 2425 997 2502 βασιλεῦ,
1022 2425 1074 2486 τὸν
1095 2421 1182 2485 ταῦτ’
1201 2425 1344 2500 ἀποδεξό-

267 2551 357 2608 μενον
379 2530 439 2591 ἀπὸ
460 2528 622 2608 συμβόλων
644 2551 676 2590 τε
698 2529 840 2603 πολλάκις
862 2528 1082 2620 δεδειπνηκέναι
1105 2532 1156 2591 καὶ
1176 2532 1243 2612 περὶ
1263 2526 1343 2593 ἑταί-

271 2657 325 2716 ρας
347 2634 503 2707 πλεονάκις
523 2634 573 2694 καί
596 2633 746 2717 είληφέναι
777 2635 827 2696 καὶ
858 2635 1017 2697 δεδωκέναι
1044 2635 1174 2718 πληγάς,
1205 2633 1246 2706 ὣς
1272 2656 1345 2716 φησι

271 2737 452 2820 Λυκόφρων
474 2740 489 2800 ὁ
515 2741 686 2813 Χαλκιδεὺς
708 2740 739 2802 έν
761 2748 824 2814 τοῖς
846 2742 912 2824 περὶ
935 2742 1106 2826 κωμῳδίας.

355 2937 413 2994 14.
438 2929 494 2992 *L.
533 2931 701 2992 SchotAv.
723 2939 801 2995 1546
819 2932 928 3014 (Suid.)
955 2929 1344 3015 Ἀπανθρακίζομεν·

271 3035 337 3094 ἀντὶ
356 3043 410 3095 τοῦ
428 3035 588 3118 ἄνθρακας
603 3034 757 3116 ἐσθίομεν.
776 3025 868 3098 ’Ἐστι
883 3035 915 3098 δὲ
930 3031 1007 3109 εἶδος
1021 3037 1129 3117 ἰχθύος
1143 3035 1256 3114 λεκτόν,
1272 3035 1346 3117 ὅπερ

272 3140 422 3212 ὀπτῶντες
443 3139 537 3221 (Suid.
561 3142 578 3202 δ
599 3165 728 3225 παροπτ.
750 3142 828 3225 eod.)
851 3141 1014 3205 ἐσθίουσιν.
1058 3143 1122 3204 Nisi
1144 3142 1346 3222 corrigendum

273 3255 316 3305 est
338 3245 529 3327 ἀνθρακίδας
550 3268 604 3328 pro
626 3247 795 3330 ἄνθρακας,
816 3251 958 3329 interpres
980 3269 1017 3308 ex
1036 3249 1243 3327 significatione
1263 3246 1346 3308 uerbi

272 3349 548 3432 ἀπανθρακίζομεν,
571 3352 648 3432 quod
672 3351 780 3412 sciebat
801 3373 864 3412 esse
884 3357 977 3434 pisces
998 3360 1102 3429 assare,
1130 3354 1270 3413 conclusit
1291 3352 1345 3411 ev-

271 3457 394 3537 θρακας
421 3475 484 3515 esse
512 3461 613 3536 pisces.
659 3456 755 3534 Quam
777 3461 966 3534 temeritatem
988 3461 1175 3540 Lycophroni
1197 3457 1346 3519 uindican-

271 3559 338 3620 dam
361 3581 422 3620 esse
444 3561 603 3644 arbitrorff)

356 3735 410 3796 15.
428 3729 502 3794 *En
533 3731 629 3793 Schol.
643 3733 718 3797 Rau.
732 3739 804 3798 362.
834 3729 880 3795 Ἦ
893 3735 1056 3816 προδίδωσι
1071 3734 1223 3818 φροιίριον.
1257 3732 1346 3814 Πρὸς

271 3837 341 3908 τοὺς
363 3838 545 3916 ποιήσαντας
566 3838 636 3910 τοὺς
662 3839 870 3923 Φερεκράτους
891 3837 1032 3922 Πέρσας·
1070 3839 1115 3900 τιδι’
1135 3840 1193 3923 γὰρ
1222 3837 1344 3921 ἀπόρ-

360 4079 381 4147 ⁹)
399 4084 521 4136 Glossam
539 4080 729 4156 ἇποκήροκτος
745 4087 776 4137 Β.
794 4087 843 4137 An.
858 4088 915 4148 215,
933 4089 970 4138 19.
988 4086 1084 4137 Bernh.
1102 4087 1167 4152 frag.
1186 4087 1209 4135 L
1227 4085 1261 4136 ab
1278 4083 1346 4136 Era·

271 4171 391 4223 tosthene
410 4173 524 4224 ahenam
542 4190 599 4226 esse
612 4175 702 4225 docuit
713 4175 850 4239 Boysenus
863 4176 953 4226 Herm.
965 4175 1056 4226 XVIII
1070 4177 1118 4232 312
1132 4173 1345 4226 ef.P011.1vet.
