2984 4740
646 294 858 358 ..15-

216 466 279 523 rrsui
302 483 366 523 esse
386 472 514 544 possent,
538 483 650 522 summa
671 462 811 522 industris
832 464 969 540 contulit3
997 463 1049 524 sed
1071 467 1100 523 in
1122 466 1289 525 uniuersum

214 572 378 628 aestimanti
400 589 467 629 eum
488 569 613 649 plurima
634 588 686 628 suo
708 570 825 646 ingenio
847 566 955 629 debere
975 571 1158 629 manifestum
1180 580 1231 629 est.

280 674 380 755 Atque
396 678 521 755 primum
539 673 656 754 quidem
674 685 767 734 artem
781 676 908 734 criticam
921 672 959 733 ad
974 674 1187 734 comoediarum
1200 670 1292 736 uerba

216 779 416 840 constituenda
435 778 605 853 adhibitam,
627 799 703 860 quae
721 801 739 839 a
754 779 949 859 Lycophrona
969 788 999 838 et
1012 780 1182 859 Euphronio
1202 780 1291 858 plaue

110 931 114 939 .
216 887 321 944 omissa
343 894 412 958 erat,
436 887 546 964 primus
567 887 712 945 factitasse
733 885 858 946 uidetur.
893 885 1078 966 Quamquam
1100 887 1176 945 enim
1189 893 1290 944 notum

204 999 260 1066 ¹cst
287 993 409 1070 primam
438 992 543 1050 iustam
571 994 743 1050 comicorum
772 993 969 1050 recensionem
990 989 1179 1070 Aristophani
1201 990 1290 1049 tribui

216 1094 334 1176 (Nauck
362 1116 391 1173 p.
418 1095 480 1176 63),
512 1105 609 1156 tamen
639 1100 695 1156 iam
718 1097 956 1169 Eratosthenem,
986 1098 1039 1156 etsi
1068 1095 1224 1158 editionem
1251 1095 1289 1156 ad

215 1220 344 1259 normam
367 1198 497 1260 codicum
519 1201 764 1262 accommodatam
784 1222 843 1262 non
864 1204 965 1260 fecisse
986 1199 1110 1274 uidetur,
1133 1199 1171 1260 de
1191 1201 1290 1261 uerbis

216 1305 423 1365 constituendis
445 1325 560 1366 curasse
581 1305 771 1366 demonstrari
793 1307 916 1367 arbitror
938 1308 1011 1383 frag.
1039 1313 1106 1370 149.
1129 1342 1169 1352 —
1198 1301 1289 1386 Ἐρα-

215 1408 363 1490 τασθένης
391 1408 424 1472 δὲ
453 1418 515 1471 τῶν
535 1412 749 1488 ψευδαττικῶν
777 1434 861 1484 τινας
882 1411 1009 1494 γράφειν
1030 1411 1103 1493 φησὶ
1126 1410 1169 1472 τὼ
1191 1411 1289 1492 ψήφω

216 1515 322 1600 (Dind.
351 1524 413 1577 τῶν
435 1517 551 1599 ψήφων
573 1518 650 1596 vulg.
680 1520 724 1601 τῷ
745 1518 761 1578 ὃ
783 1518 882 1600 ψήφῳ
905 1522 942 1582 V.
965 1519 1009 1600 τῷ
1029 1517 1127 1599 ψήφῳ
1148 1517 1289 1576 Fritzsch.

217 1644 254 1682 an
283 1622 336 1682 τὸν
364 1630 472 1704 ψῆφον
480 1623 508 1704 ἓ)
539 1620 651 1700 λαβών,
679 1622 731 1682 ἵνα
761 1623 811 1683 καὶ
843 1623 881 1684 τὰ
913 1619 1107 1701 πεπλασμένα
1136 1620 1288 1703 δράματα,

217 1727 248 1789 ἓν
275 1721 319 1799 οἷς
347 1727 382 1787 τὸ
411 1725 555 1807 παράπαν
585 1736 674 1788 τοῦτο
700 1727 852 1808 ἠγνόηται,
883 1728 956 1811 δοκῇ
984 1729 1028 1807 μὴ
1056 1727 1290 1789 σεσολοικίσθαι.

218 1833 312 1910 Quem
340 1833 435 1893 locum
464 1851 546 1892 secus
578 1853 612 1892 ac
638 1835 694 1892 uiri
723 1832 801 1894 docti
831 1833 951 1914 (Bemb.
982 1855 1013 1912 p.
1044 1839 1120 1907 224,
1149 1834 1289 1894 Fritmcln

216 1940 291 1998 Rau.
313 1961 343 2018 p.
369 1937 443 2020 377)
472 1938 618 2015 intellego,
649 1939 871 1999 Eratosthenem
899 1939 1007 1998 dixisse
1034 1939 1191 1999 nonnullos
1210 1955 1290 2016 ψευ-

218 2043 377 2114 δαττικοὺς
405 2046 436 2101 in
466 2043 521 2102 hoc
542 2044 688 2106 Ranarmn
717 2064 804 2105 uersu
825 2043 956 2103 consulto
977 2044 1096 2103 formam
1119 2044 1195 2103 male
1216 2045 1291 2104 Atti-

217 2169 280 2208 cam
301 2150 457 2228 scripsisse,
487 2156 519 2207 ut
545 2151 644 2228 spuria
672 2148 803 2209 dramata
831 2148 937 2208 talibus
957 2150 1035 2209 uitiis
1057 2147 1215 2208 delonnata
1236 2149 1291 2210 hoc
1369 2216 1371 2224 Ι

219 2255 366 2316 Ranarum
395 2253 458 2312 loco
480 2253 712 2313 defenderentur.
758 2253 840 2330 Quos
861 2263 955 2314 autem
977 2256 1177 2331 grammaticos
1198 2254 1291 2314 Friu-

218 2360 315 2419 schius
337 2359 492 2436 intellegat,
516 2379 580 2419 cum
603 2367 671 2418 ante
693 2359 916 2419 Eratosthenem
936 2359 1017 2420 nulla
1038 2359 1127 2418 editio
1147 2358 1223 2418 facta
1244 2361 1289 2433 sit,

217 2464 371 2525 obscurum
401 2474 452 2524 est.
496 2465 560 2524 Imo
582 2466 789 2525 Eratosthenes
817 2464 976 2545 compluria
998 2465 1175 2545 exemplaria
1195 2466 1290 2525 Rana-

218 2592 281 2629 rum
303 2569 418 2630 fabulae
440 2569 583 2643 adhibuit,
606 2579 697 2658 utax
719 2573 890 2650 comparatis
904 2572 992 2629 uariis
1006 2570 1178 2632 lectionibus
1191 2590 1291 2630 ueram

218 2677 387 2754 scripturam
417 2675 547 2750 eliceret,
579 2677 610 2734 in
639 2695 697 2754 quo
728 2673 806 2754 quod
832 2675 1015 2736 librariorum
1031 2677 1214 2761 ¹negligentia
1234 2676 1291 2734 fac·
1344 2668 1347 2673 ’

218 2788 280 2839 tum
301 2790 363 2841 erat
384 2780 421 2840 ad
445 2781 595 2840 consilium
617 2781 735 2860 aliquod
757 2780 908 2840 referebat.
953 2783 1010 2841 His
1031 2781 1233 2842 collationibus
1253 2783 1293 2840 ita

218 2907 287 2945 usus
318 2906 381 2945 esse
407 2886 531 2960 uidetur,
561 2895 594 2944 ut
620 2906 679 2945 nou
701 2884 857 2946 editionem
879 2895 1000 2959 curaret,
1024 2886 1075 2946 sed
1097 2889 1125 2946 in
1149 2905 1291 2946 commen·

218 2994 298 3052 tariis
327 2991 406 3072 quod
436 3011 537 3050 uerum
567 2990 621 3050 sibi
651 2991 798 3051 uideretur
819 2999 979 3050 annotaret.
1025 2989 1173 3051 Acerrime
1195 3001 1290 3050 autem

218 3097 385 3176 inquirebat
404 3101 436 3156 in
458 3097 579 3171 fabulas,
602 3118 671 3156 num
695 3100 757 3156 iure
778 3099 888 3157 auctori
906 3099 1011 3174 cuique
1027 3096 1238 3169 tribuerentur3
1261 3098 1291 3154 in

218 3222 277 3282 quo
306 3223 377 3282 quas
406 3207 532 3264 rationes
561 3212 675 3264 secutus
703 3205 740 3262 sit
769 3201 874 3262 docent
894 3203 967 3279 frag.
996 3209 1062 3274 149,
1087 3209 1136 3264 tu.
1182 3202 1209 3260 A
1232 3199 1291 3259 dia·

218 3309 292 3369 lecto
322 3311 398 3368 enim
420 3311 517 3368 Attica
545 3307 699 3386 diligenter
719 3307 872 3367 obscurata
894 3310 918 3368 si
941 3311 971 3366 in
991 3306 1096 3366 fabulis
1118 3305 1291 3385 quibusdam

218 3414 314 3475 recedi
336 3414 492 3488 uideretur,
516 3415 570 3473 boc
592 3434 644 3494 pro
666 3413 772 3472 indicio
794 3413 922 3472 habebat
943 3412 1054 3472 fabulas
1077 3431 1139 3471 esse
1159 3413 1291 3492 supposi-

219 3522 308 3581 ticias.
354 3518 468 3595 Quibus
489 3521 612 3599 aliisque
634 3518 671 3579 de
692 3522 784 3578 causis
806 3519 986 3578 Pherecratis
1004 3516 1191 3576 Metallenses
1206 3517 1292 3576 Nico·

220 3625 322 3683 macho
345 3624 491 3684 tribuebat
513 3623 598 3705 (frag.
622 3632 673 3687 93.
696 3625 763 3687 bist.
786 3627 848 3684 crit.
871 3631 908 3686 69
925 3644 986 3703 seq.
1009 3622 1115 3699 Bergk,
1139 3630 1290 3682 comment.

220 3728 247 3788 d.
271 3749 296 3788 c.
314 3732 351 3789 A.
371 3730 424 3789 rel.
447 3751 476 3808 p.
501 3731 585 3812 298).
632 3730 704 3790 Cum
727 3733 816 3807 igitur
836 3729 874 3788 de
895 3729 1027 3809 pluribus
1048 3729 1230 3788 Pherecratis
1251 3730 1291 3787 t'a-

219 3835 295 3893 bulis
316 3837 474 3914 antiquitus
496 3834 659 3896 dubitatum
681 3840 733 3910 sit,
760 3834 925 3895 Meinekius
947 3837 1054 3915 optimo
1076 3837 1139 3892 iure
1160 3833 1198 3892 ab
1219 3836 1292 3893 Era-

219 3940 352 3999 tosthene
381 3940 455 4000 bane
484 3940 692 4002 dubitationem
725 3951 830 4000 motam
863 3959 926 4000 esse
953 3940 1083 4001 coniecit.
1127 3941 1227 4020 Atque
1256 3939 1293 4000 da

220 4043 327 4103 eisdam
348 4045 569 4107 Metallensibus
596 4049 788 4127 suspicionem
815 4049 937 4124 apponit
960 4044 1068 4104 Athen.
1092 4047 1161 4118 XV,
1186 4053 1246 4108 685
1264 4066 1292 4105 a.

218 4149 323 4208 Eidem
359 4151 535 4211 Nicomacho
572 4150 751 4212 Pherecratis
784 4151 939 4212 Chironem
977 4151 1141 4212 attribuisse
1177 4150 1295 4212 uidetur
