2984 4740
562 288 777 352 ,19-

137 477 226 542 saepe
252 454 341 518 doctis
368 459 596 538 expositionibus
624 458 661 519 de
683 460 842 536 originibus
863 460 1018 522 uerborum
1040 459 1210 522 disseruisse

138 562 254 626 udeur
273 563 343 641 sag.
368 568 437 636 roe,
465 569 533 628 iss.

190 737 192 742 ,
224 670 295 732 (lum
315 671 460 730 Atticismi
481 677 542 730 tam
562 677 712 730 accmatus
733 667 902 730 obseruator
922 681 1014 746 esset,
1036 681 1069 732 ut
1089 681 1208 753 propter

137 779 207 837 uitis
229 778 260 836 iu
288 775 343 836 hoc
370 765 477 853 genere
504 776 656 834 commissa
687 773 800 835 fabulas
832 773 972 854 quasdam
1004 779 1117 858 spurias
1145 797 1209 838 esse

135 879 289 954 iudicaret,
322 880 448 940 rationes
476 883 615 940 sermonis
643 881 734 940 Attici
761 880 799 940 ab
829 899 863 940 eo
891 880 1023 942 sollerter
1051 882 1208 944 illustratas

132 1005 194 1047 esse
215 987 400 1046 menifestum
421 995 465 1046 est
485 987 557 1066 frag.
582 993 631 1058 55,
657 992 707 1048 75.
752 985 886 1047 Ceterum
909 984 946 1044 de
964 984 1094 1048 dialectis
1112 991 1207 1048 minus

130 1091 259 1164 curabat,
281 1091 339 1150 nisi
360 1087 440 1170 quod
461 1111 670 1171 nonnunquam
692 1089 845 1150 dialectum
872 1091 1082 1170 Cyrenensium
1106 1101 1207 1173 utpote

128 1199 241 1278 patriae
251 1216 322 1257 suae
333 1204 527 1276 comparatam
538 1194 704 1257 adhibuisse
714 1195 830 1256 uidetur
842 1195 928 1277 (frag.
941 1201 989 1272 18,
998 1202 1048 1270 52,
1059 1203 1108 1270 90,
1121 1196 1205 1279 125).

216 1303 274 1362 His
295 1300 466 1362 breuissime
484 1299 663 1362 adumbratis
684 1303 778 1362 elucet
803 1312 944 1382 quantum
965 1322 1018 1382 per
1039 1302 1206 1362 Eratosthe-

128 1430 197 1472 nem
225 1408 325 1470 studia
351 1409 525 1468 comicorum
554 1417 638 1468 aucta
666 1417 754 1487 atque
783 1408 910 1488 perfecta
930 1409 1003 1480 sint,
1034 1419 1067 1468 ut
1087 1407 1154 1468 licet
1174 1410 1206 1467 in

127 1515 251 1595 singulis
284 1513 375 1574 multa
407 1512 472 1572 aliie
502 1513 652 1593 reliquerit
681 1521 709 1572 et
739 1512 909 1590 corrigenda
936 1522 965 1574 et
993 1510 1205 1592 amplificanda,

126 1631 226 1682 tamen
247 1621 360 1702 primus
380 1617 568 1680 fundamenta
589 1620 731 1699 posuerit,
762 1616 868 1697 quibus
893 1621 956 1678 uixi
977 1636 1155 1678 successores
1177 1619 1208 1676 in

126 1727 232 1788 altiore
254 1723 508 1806 progrederentur.
554 1722 639 1799 Quae
659 1743 726 1784 cum
747 1725 788 1782 ita
809 1733 905 1784 essent
927 1743 1000 1805 opus
1023 1724 1085 1782 eins
1105 1743 1125 1782 a
1143 1742 1208 1804 per·

127 1833 227 1894 multis
248 1830 433 1891 lectitabatur
455 1839 485 1888 ct
505 1828 722 1910 compilabatur.
767 1827 900 1904 Quorum
920 1848 1026 1907 agmen
1048 1826 1128 1888 ducit
1145 1828 1207 1888 An·

127 1937 212 1998 dress
234 1933 365 1997 medicus
387 1933 549 2016 (Polth
571 1933 633 2013 81),
664 1954 752 2014 quem
773 1932 973 1993 Eratosthenis
986 1955 989 1960 ·
1003 1933 1093 1994 libros
1114 1937 1206 2015 impu·

126 2042 231 2102 denter
254 2040 399 2122 expilasse
428 2040 472 2121 (ui
493 2017 578 2098 fallor
607 2034 638 2099 ἐν
659 2041 702 2121 τῷ
724 2038 790 2118 περὶ
814 2046 875 2098 τῶν
901 2038 1024 2114 ψευδῶς
1045 2058 1204 2100 πεπιστευ-

125 2145 225 2226 μένων
249 2146 357 2205 Athen.
381 2147 438 2207 vn
460 2149 521 2208 312
545 2144 584 2228 ο.)
613 2148 675 2226 ipse
703 2145 910 2204 Eratosthenes
940 2154 1061 2204 testatur
1091 2145 1138 2204 Et.
1162 2144 1204 2204 M.

130 2259 198 2326 198,
216 2258 260 2314 21)
282 2254 317 2312 cf.
341 2252 375 2310 B.
398 2250 456 2310 An.
479 2255 539 2312 226
564 2249 797 2330 Βιβλιαίγισθος
814 2245 955 2332 Ἀνδρέας
976 2249 992 2309 ὁ
1015 2248 1116 2331 ἰατρὸς
1137 2248 1205 2310 ἕπε·
1282 2318 1286 2326 ,

125 2358 233 2438 κλήθη
256 2356 386 2439 (ἐκλήθη
408 2358 442 2415 Β.
465 2356 517 2439 Α.)
548 2354 606 2415 ont
636 2351 881 2436 Ἐρατοσθένους,
910 2353 956 2414 ὅτι
984 2353 1088 2437 λάθρα
1111 2356 1206 2416 αὐτοῦ

125 2462 165 2523 τὰ
185 2461 296 2541 βιβλία
317 2459 489 2544 μετίγραψε
512 2457 655 2544 (ἔγραφεν
676 2461 709 2519 Β.
727 2460 791 2541 Α.)
836 2459 873 2518 Ιο
895 2460 940 2519 his
962 2461 1094 2539 inprimis
1116 2461 1205 2521 libros

125 2593 157 2632 π.
181 2590 263 2646 κωμ.
285 2567 495 2646 intellegendos
517 2587 579 2628 esse
602 2565 681 2627 credi
702 2573 806 2647 potest.
842 2563 891 2624 Ab
914 2563 1111 2644 Aristophane
1132 2585 1205 2646 opus

125 2672 292 2734 adhibitum
314 2693 378 2734 esse
399 2677 508 2755 quippe
529 2676 582 2754 qui
595 2672 796 2732 Eratosthenis
815 2668 974 2729 doctrinam
988 2667 1025 2728 dc
1040 2671 1205 2731 nocentibus

125 2778 318 2860 perpoliuisse
340 2777 473 2840 uideatur
493 2778 645 2858 probabile
667 2788 719 2838 est.
763 2776 867 2855 Neque
893 2777 989 2834 minus
1014 2774 1100 2835 huius
1122 2775 1204 2836 disci·

125 2885 214 2965 palus
230 2883 411 2944 Callistratus
432 2904 499 2944 eum
520 2885 672 2964 usurpauit
692 2883 765 2960 frag.
780 2889 848 2944 145.
882 2881 929 2940 De
943 2879 1109 2941 Polemonis
1129 2880 1204 2942 libro

125 2989 204 3069 πρὸς
226 2988 264 3050 Ε.
287 2988 422 3050 diximus.
466 2989 620 3050 Difficilior
640 2998 737 3048 autem
764 2995 808 3051 est
828 2987 958 3067 quaestio
980 2984 1018 3046 de
1039 2986 1205 3060 Timarcho,

123 3117 215 3176 quern
237 3113 274 3154 ex
295 3095 404 3155 Athen.
429 3103 512 3158 501e
544 3093 699 3174 Τίμαρχος
728 3092 758 3153 ἓν
786 3090 922 3174 τετάρτῳ
944 3090 1011 3172 περὶ
1038 3099 1092 3152 roo
1112 3088 1203 3175 Ἐρα-

124 3198 292 3272 τοσθένους
312 3196 426 3280 Ἑρμοῦ
454 3200 655 3262 Eratosthenis
677 3199 816 3258 Hermam
845 3197 913 3258 data
934 3216 1023 3276 opera
1045 3196 1204 3276 explicasse

124 3315 259 3368 statuunt
288 3304 392 3388 (Mein.
416 3305 502 3366 Ansl.
525 3305 611 3366 Alex.
635 3327 663 3384 p.
682 3313 727 3367 11.
774 3304 876 3376 ffliler,
903 3304 985 3362 Erat.
1008 3322 1094 3362 cerm.
1118 3301 1202 3382 reliq.

125 3435 156 3492 p.
172 3412 236 3493 74),
249 3431 317 3472 nam
331 3413 501 3492 comparatis
516 3409 718 3472 Eratosthenis
733 3419 762 3469 et
775 3409 925 3468 'Pimarohi
939 3408 1036 3468 uerbis
1051 3406 1135 3488 (frag.
1149 3406 1202 3489 25)

124 3517 178 3577 Er.
209 3523 271 3576 τῶν
297 3515 355 3597 γὰρ
384 3520 501 3598 φιαλῶν
523 3513 551 3578 οἳ
573 3516 630 3596 ὀμ·
700 3515 777 3574 Tim.
808 3512 982 3591 πεπαῖχθαί
1008 3534 1053 3583 τις
1079 3507 1117 3572 tta
1139 3512 1203 3593 olq-

125 3621 216 3705 puloi
246 3621 297 3682 uui
325 3629 385 3682 τῶν
412 3622 580 3701 βαλανείων
602 3619 630 3684 οἳ
700 3619 772 3698 θείη
815 3619 870 3697 τὴν
913 3615 999 3694 λίξιν,
1044 3616 1122 3679 διότι
1165 3619 1204 3679 τὰ

125 3726 216 3788 θόλοι
249 3725 420 3808 παρόμοιοι·
455 3725 497 3800 είς
529 3726 562 3789 δὲ
594 3727 630 3788 τὸ
699 3728 825 3788 πλεῖστα
847 3731 908 3784 τῶν
937 3719 1081 3803 Ἀθήνησι
1103 3726 1202 3801 βαλα-

126 3827 205 3906 eidos
219 3833 273 3894 οὐκ
288 3833 458 3913 ἀρρύθμως
472 3831 628 3908 παίζονται
700 3830 785 3890 νείων
816 3828 972 3907 κυκλοειδῆ
1009 3836 1076 3900 ταῖς
1107 3852 1203 3891 κατα-

699 3942 819 4006 σκευαῖς
847 3933 919 3996 ὄντα
949 3936 1018 4005 τοὺς
1040 3932 1204 4016 ἔξαγωγοὺς

699 4039 758 4121 ἔχει
780 4041 858 4101 κατὰ
879 4038 979 4119 μέσον,
1002 4035 1050 4122 ip’
1070 4031 1108 4100 οὗ
1124 4043 1202 4120 χαλ-

699 4157 769 4220 κοῦς
791 4147 927 4229 ὀμφαλὸς
950 4143 1068 4207 ἔπεστιν

988 4265 1027 4318 2*
