2984 4740
660 223 874 286 ,10-

225 401 245 452 J
316 393 373 454 Sed
396 395 480 454 utin
502 393 547 452 his
570 413 637 452 cum
655 393 851 472 Lycophrone
873 391 1083 473 comparandus
1106 400 1149 450 est
1171 391 1303 472 Euphro-

230 501 306 570 nius,
337 501 377 558 ita
406 501 437 558 in
466 499 530 558 aliis
557 498 643 575 longe
671 498 720 558 illo
743 500 934 578 praestantior
955 497 1018 558 fuit.
1061 495 1134 556 (lum
1156 498 1233 556 enim
1254 495 1303 555 ille

230 613 288 663 tam
318 606 448 682 angustis
478 604 583 664 finibus
612 623 674 664 sese
699 606 887 676 continuerit,
917 612 950 663 ut
979 605 1038 664 suis
1059 604 1149 683 ipsius
1171 603 1303 680 quamuis

231 709 366 769 tenuibus
388 709 497 768 uiribus
520 709 643 770 confisus
666 712 763 770 omnia
791 708 920 768 subsidia
941 709 1184 788 interpretationis
1206 725 1302 784 asper-

229 823 356 886 naretur,
377 813 566 894 Euphronius
587 814 742 892 diligenter
761 814 884 890 aliorum
899 815 1004 894 copias,
1021 817 1046 872 si
1060 811 1131 892 quid
1145 810 1302 871 adiumenti

230 917 300 980 inde
322 921 451 999 accipere
475 919 590 992 liceret,
620 928 815 1000 perscrutatus
837 939 899 978 esse
920 917 1044 980 uidetur.
1088 917 1187 997 Atque
1207 918 1302 995 Lyco·

231 1025 351 1105 phronis
366 1023 482 1084 ¹librum
510 1024 548 1084 ab
570 1045 603 1085 eo
631 1026 737 1084 lectum
760 1043 822 1084 esse
843 1022 994 1104 probabile
1016 1033 1067 1085 est.
1112 1025 1185 1084 Erat
1204 1031 1301 1082 autem

228 1138 288 1188 turn
312 1123 433 1188 Homeri
460 1132 658 1210 interpretatio
688 1129 829 1190 Zenodoti
855 1129 997 1190 industria
1025 1129 1150 1188 maxime
1177 1128 1301 1200 exculta,

228 1253 265 1292 ex
288 1254 354 1314 qua,
368 1254 543 1314 quamquam
565 1255 583 1292 a
605 1235 771 1295 comoediae
790 1237 902 1295 ratione
919 1233 1102 1304 abhorrebat,
1118 1242 1215 1292 tamen
1231 1254 1301 1294 non-

228 1338 309 1398 nulla
329 1342 360 1399 in
380 1359 464 1398 suum
486 1360 569 1399 usum
591 1350 705 1401 uertere
726 1349 824 1421 posset
840 1343 983 1419 interpres
997 1342 1179 1399 comicorum.
1213 1337 1300 1415 Quod

226 1443 387 1504 studiorum
409 1465 500 1522 genus
521 1449 674 1525 arripuisse
702 1456 732 1505 et
753 1467 834 1507 suam
862 1449 945 1526 quasi
968 1465 1098 1506 normam
1119 1445 1220 1504 fecisse
1242 1445 1300 1503 Eu·

227 1550 381 1629 phronium
411 1553 573 1611 testimonio
603 1562 647 1610 est
674 1551 746 1628 frag.
771 1558 820 1623 87,
849 1570 907 1630 qno
935 1550 1071 1610 doeemur
1092 1569 1158 1610 eum
1180 1549 1300 1609 dubium

227 1653 264 1714 de
285 1656 493 1733 significatione
515 1655 721 1717 uocabulorum
741 1656 881 1736 Aeuupoi
904 1653 993 1726 nodet
1014 1655 1051 1714 ad
1073 1656 1192 1716 Homeri
1214 1659 1300 1716 inter-

226 1769 322 1840 pretes
343 1763 505 1838 confugisse
527 1757 650 1843 atquae
670 1759 751 1840 apud
772 1762 837 1822 illos
854 1764 1004 1821 inuenerat
1019 1781 1116 1820 eorum
1131 1764 1300 1821 auctoritate

226 1867 367 1926 retulisse.
424 1867 537 1927 Eodem
574 1867 659 1927 modo
695 1866 734 1926 ad
770 1868 890 1926 Homeri
926 1869 1097 1946 interpretes
1131 1885 1301 1927 reuocamur

225 1973 297 2048 frag.
323 1979 372 2045 57,
396 1975 477 2032 cuius
498 1971 657 2032 doctrinam
680 1993 717 2032 ex
739 1975 949 2034 commentariis
972 1974 1134 2031 Homericis
1156 1982 1299 2051 sumptam

226 2097 296 2150 esse,
325 2097 390 2137 cum
411 2078 575 2158 Euphronii
601 2078 759 2138 studiorum
783 2079 1001 2138 Homericorum
1029 2096 1172 2156 nusquam
1191 2079 1297 2136 mentio

173 2185 177 2204 ¹
225 2183 290 2255 fiat,
326 2182 430 2243 docent
458 2183 548 2248 schol.
579 2186 614 2243 A
636 2191 684 2257 34,
720 2183 753 2242 Ψ
772 2189 842 2247 693.
886 2185 934 2242 Ex
964 2184 1008 2242 his
1036 2182 1138 2242 studiis
1166 2184 1296 2241 notitiam

224 2292 373 2366 signorum
396 2291 557 2350 criticorum
580 2299 648 2349 tunc
668 2292 804 2368 temporis
826 2287 904 2348 baud
926 2290 965 2347 ita
980 2291 1149 2348 usitatorum
1163 2289 1297 2348 habuisse

225 2395 350 2469 uidetur,
380 2417 447 2455 nam
477 2397 592 2456 obelum
618 2395 735 2475 quidem
759 2397 815 2453 iam
837 2415 855 2454 a
876 2394 1025 2454 Zenodoto
1046 2403 1213 2474 usurpatum
1235 2415 1298 2454 esse

226 2511 338 2561 constat
367 2501 416 2583 (cf.
440 2505 579 2577 Ditntzer‚
610 2504 646 2563 de
675 2501 783 2562 Zenod.
814 2502 888 2560 stud.
919 2501 1006 2560 Hom.
1035 2523 1064 2580 p.
1089 2506 1138 2563 35.
1182 2501 1296 2574 Nauck,

224 2607 314 2670 Arist.
338 2609 409 2686 Byz.
433 2632 461 2689 p.
489 2609 550 2691 16),
596 2609 680 2685 Quae
709 2630 773 2668 eum
804 2610 844 2666 ita
872 2609 930 2666 sint
957 2627 1090 2684 magnam
1112 2613 1223 2684 partem
1246 2626 1296 2664 ex·

224 2714 410 2794 plicationum
444 2717 474 2774 in
504 2714 618 2774 scholiis
648 2715 878 2794 Aristophaneis,
912 2733 988 2792 quae
1020 2731 1057 2770 ex
1087 2714 1299 2771 commentariis

226 2818 377 2879 homericis
399 2823 506 2900 petitae
527 2830 603 2892 suut,
626 2821 663 2880 ab
684 2821 855 2900 Euphronio
877 2819 993 2878 allatam
1016 2837 1078 2877 esse
1098 2816 1193 2876 credo.

312 2924 371 2984 Sed
393 2928 503 2984 etiamsi
525 2926 666 2984 nonnulla
688 2946 723 2984 ex
745 2927 809 2984 aliis
831 2924 958 2985 fontibus
979 2943 1111 3004 promere
1129 2931 1250 3002 poterat,
1267 2926 1298 2982 in

223 3029 370 3109 plerisque
398 3029 435 3087 ad
464 3051 525 3090 rem
555 3051 614 3090 non
635 3031 787 3090 faciebant.
832 3032 931 3109 Atque
952 3032 983 3088 iu
1004 3031 1050 3089 his
1069 3049 1199 3088 summae
1219 3029 1298 3090 laudi

224 3136 251 3194 ei
284 3133 468 3195 tribuendum
500 3145 558 3207 est,
591 3135 670 3214 quod
704 3136 907 3217 Lycophronis
937 3144 1074 3214 angustos
1106 3136 1178 3194 fines
1210 3135 1298 3214 longe

223 3248 419 3316 transgressus
440 3240 516 3299 bene
544 3241 689 3300 intellecta
714 3245 886 3301 comicorum
908 3243 1019 3301 ratione
1040 3240 1194 3318 diligenter
1215 3261 1298 3321 paro·

223 3344 286 3404 dias
315 3353 404 3424 atque
431 3345 549 3404 facetias
577 3346 713 3424 detegere
737 3347 885 3420 studebat,
913 3355 947 3406 ut
975 3351 1061 3407 etiam
1087 3366 1297 3427 nonnunquam

223 3451 289 3531 plus
304 3470 391 3528 quam
405 3452 460 3530 ipsi
474 3451 628 3510 uoluerant
647 3455 677 3511 in
696 3455 738 3511 eis
753 3454 899 3512 inuenisse
911 3451 1045 3513 uideatur
1061 3451 1109 3532 (cf.
1124 3452 1197 3529 hag
1213 3452 1294 3533 116).

223 3555 323 3635 Atque
351 3576 438 3636 quarn
466 3555 524 3616 late
552 3559 698 3635 patuerint
726 3558 822 3618 studia
850 3561 911 3618 eius
932 3578 1025 3638 pauca
1045 3558 1206 3635 fragmenta
1227 3559 1296 3618 satis

223 3659 436 3734 demonstrant3
459 3659 607 3720 Alcmanis
626 3660 710 3741 (frag.
725 3662 778 3744 67)
798 3663 980 3743 Bacchylidis
995 3663 1079 3745 (trag.
1095 3664 1159 3743 27),
1176 3665 1297 3724 fortasse

223 3765 416 3845 Hipponactis
433 3766 539 3849 (144),
563 3766 683 3826 Hesiodi
706 3767 806 3850 (146),
829 3769 997 3829 Callimachi
1019 3768 1087 3850 (71)
1110 3772 1237 3828 carmina
1258 3769 1296 3829 ab

223 3888 258 3928 eo
278 3869 352 3929 lecta
374 3891 437 3930 esse
457 3871 605 3948 uidemus3
623 3892 724 3952 ¹neque
745 3875 841 3934 minus
858 3876 1032 3952 tragicorum
1045 3873 1166 3948 fabulas,
1186 3877 1297 3956 quippe

223 3977 274 4055 qui
312 3997 463 4057 nunquam
499 3998 558 4037 non
594 3998 612 4035 a
643 3981 757 4038 comicis
789 3978 988 4039 irriderenturv
1007 3979 1150 4040 euoluisse
1182 3973 1297 4040 uidetur

224 4080 310 4162 (frag.
345 4081 409 4163 99).
455 4084 490 4141 In
528 4082 674 4143 historiam
707 4083 866 4144 litterarum
899 4103 964 4144 eum
998 4087 1180 4165 inquisiuisse
1211 4086 1295 4148 docet
