2984 4740
582 307 626 317 ..
668 271 708 336 57
751 305 796 320 .-

237 447 295 504 92.
315 445 369 506 Κλ.
413 441 521 501 Athon.
545 440 682 505 11416.
706 477 748 486 -
771 439 925 522 Ἀθηναῖοι
948 441 981 503 δέ
1001 444 1227 527 μετάκερας

152 550 276 608 καλοῦσι
305 547 341 607 τὸ
366 542 502 625 χλιαρόν,
525 530 571 616 ’ὡς
587 536 813 626 Ἐρατοσθένης
834 547 925 628 φησίν
946 546 1058 633 [ὑδαρῆ
1081 550 1153 632 φησὶ
1176 552 1226 611 καὶ

151 649 343 734 μετάκερας].
386 648 534 710 Ibid.111
559 651 653 713 λλθδ.
691 651 736 712 Τδ
762 650 796 713 δι’
820 652 946 733 χλιαρόν
967 653 1050 734 ὕδωρ
1072 652 1227 735 Ἀθηναῖοι

151 757 321 840 μετάκερας
342 757 493 829 καλοῦσίν,
517 754 558 826 ὡς
579 755 718 838 Σώφιλος
739 757 770 817 έν
785 751 971 838 Ἀνδροκλεῖ,
1001 755 1111 834 Ἄλεξις
1137 759 1173 822 δ’
1197 761 1228 822 ἓν

152 864 292 945 Λοκροῖς
312 899 356 908 -
378 860 427 921 καὶ
456 859 603 938 Φιλήμων
623 861 653 921 ἐν
675 861 849 948 Κορινθίη,
872 852 986 945 ’.Άμρις
1012 856 1040 925 δ’
1067 866 1098 927 ἐν
1120 869 1226 928 Βαλα-

153 967 232 1051 νείῳ.
276 971 345 1030 Non
364 965 459 1026 ‘credo
489 965 647 1026 Schmidtio
677 965 759 1047 (Did.
784 989 812 1047 p.
838 968 891 1051 57)
921 972 1017 1029 omnia
1044 971 1115 1031 haec
1143 975 1226 1031 testi-

153 1075 251 1134 monia
272 1069 310 1133 e‘x
323 1071 517 1133 Eratosthene
537 1071 672 1147 fluxis003
695 1083 739 1132 est
758 1073 838 1133 locus
852 1072 888 1132 ad
904 1073 1075 1153 Philyllium
1089 1078 1125 1135 cf.
1141 1077 1225 1136 Phot.

153 1177 348 1260 Μετάκερας.
382 1177 426 1238 Τδ
441 1171 586 1256 ἐὔκρατον
601 1173 620 1256 ή
635 1176 670 1237 τδ
684 1176 810 1258 χλιαρόν
832 1177 966 1259 (ψυχρόν
987 1179 1078 1261 ασελ).
1113 1181 1227 1242 Φιλόλ-

155 1286 227 1356 λισς.
250 1285 321 1343 Hes.
346 1282 538 1362 Μετάκεριις.
572 1282 617 1342 Τό
639 1282 783 1362 εὔκρατον
804 1281 887 1362 ὕδωρ
909 1281 928 1362 ἢ
947 1285 1083 1366 χλιαρόν.
1119 1287 1227 1347 Bernh.

152 1389 224 1466 frag.
248 1389 319 1448 LII.
362 1386 694 1466 Frag.com.11866.

238 1605 292 1664 93.
315 1605 370 1663 Er.
415 1601 555 1680 Harpocr.
583 1607 652 1672 126,
676 1606 725 1664 22.
772 1602 1005 1672 Μεταλλεῖς.
1050 1602 1175 1674 Λυσίας
1196 1604 1228 1666 ἐν

153 1708 197 1789 τῷ
226 1706 301 1786 πρὸς
330 1705 484 1785 Διοχάρη,
515 1703 539 1765 εί
567 1706 695 1787 γνήσιος.
745 1703 783 1767 Οί
804 1685 939 1784 μέταλλα
962 1706 1149 1788 ἐργαζόμενοι
1171 1732 1227 1787 με-

152 1815 272 1883 ταλλεῖς
299 1809 505 1888 ὀνομάζονται.
539 1803 630 1871 ’Ἐστι
659 1810 693 1872 δὲ
721 1812 771 1872 καὶ
794 1812 897 1892 δρᾶμα
925 1812 1133 1893 Φερεκράτους
1156 1816 1226 1875 Με-

152 1920 288 1991 ταλλεῖς,
319 1916 392 1999 ὅπερ
419 1915 598 1996 Νικόμαχόν
627 1938 700 1997 φησι
730 1915 920 1996 πεποιηκέναι
952 1913 1174 2000 Ἐρατοσθένης
1196 1919 1227 1980 ἓν

153 2017 277 2105 ἑβδόμῳ
298 2021 365 2102 περὶ
387 2029 442 2100 τῆς
466 2021 595 2100 ἀρχαίας
616 2021 787 2104 κωμῳδίας.
825 2023 868 2084 Of.
891 2021 962 2100 frag.
988 2030 1037 2086 46.

239 2239 295 2296 94.
318 2236 378 2295 m.
414 2231 510 2292 Schol.
526 2231 582 2290 Av.
600 2239 658 2294 997
678 2231 787 2314 (said.)
811 2231 952 2295 Μέτων
973 2236 1094 2314 ἄριστος
1116 2236 1225 2315 ἀστρο-

151 2336 243 2416 νόμος
272 2337 323 2398 καὶ
351 2333 531 2419 γεωμέτρης.
576 2336 693 2397 Τούτου
716 2335 797 2398 ἐστίν
824 2338 839 2398 6
870 2338 1004 2412 ἐνιαυτὸς
1033 2339 1227 2420 όλεγόμενος

152 2441 312 2515 Μέτωνος.
364 2443 444 2522 Φησλ
474 2440 507 2502 δὲ
536 2441 768 2524 Καλλίστρατος
797 2443 828 2504 έν
856 2446 992 2527 Κολωνῷ
1018 2444 1168 2524 ἀνάθημά
1197 2468 1227 2506 τι

152 2544 229 2611 εἶναι
257 2551 352 2610 αὐτοῦ
378 2545 599 2628 άστρολογικόν.
645 2547 814 2629 Εὐφρόνιος
843 2548 876 2608 δέ
905 2549 951 2610 ότι
980 2557 1041 2610 τῶν
1063 2550 1168 2628 δήμων
1190 2545 1227 2632 ήν

151 2655 186 2716 ἐκ
208 2656 364 2716 Κολωνοῦ.
411 2657 509 2712 Τοῦτο
529 2651 585 2730 μέν
602 2646 658 2713 ,οὖν
681 2654 718 2732 (V
740 2651 773 2713 δέ
794 2653 860 2736 rel.)
890 2655 1011 2732 ψεῦδος.
1062 2653 1228 2737 Φιλόχορος

150 2761 211 2844 γὰρ
233 2757 409 2822 Λευκονοέα
440 2757 513 2838 φησὶ
544 2756 645 2821 αὐτόν.
694 2756 738 2817 Τό
764 2757 798 2819 δέ
820 2768 874 2820 τοῦ
894 2758 1129 2840 Καλλιστράτου
1151 2762 1227 2840 δίδη-

151 2871 205 2929 λον
228 2866 396 2949 (Wilnmov.
420 2863 511 2942 δῆλον
532 2861 620 2944 οοδ.).
656 2853 747 2934 ’Ίσως
768 2863 826 2945 γὰρ
848 2857 885 2944 ήν
906 2887 934 2925 τι
957 2865 1006 2926 καί
1029 2863 1060 2925 ἓν
1073 2867 1225 2950 Κολωνῷ·

150 2972 169 3034 6
191 2969 223 3033 δέ
250 2969 416 3049 Φιλόχορος
438 2968 469 3028 έν
491 2970 626 3051 Κολωνῷ
647 2967 703 3046 μέν
724 2969 816 3030 αὐτόν
838 2968 924 3031 οὐδέν
946 2973 1045 3030 θεῖναι
1068 2969 1153 3052 λέγει,
1179 2971 1226 3032 έπλ

158 3074 325 3154 Ἀψεάδους
354 3074 387 3135 δέ
415 3074 482 3156 (τοῦ
508 3073 575 3134 add.
598 3074 703 3158 Dind.)
726 3076 784 3157 πρό
813 3074 1011 3156 Πυθοδώρου
1038 3076 1228 3157 ἡλιοτρόπιον

152 3181 185 3243 ἓν
217 3189 256 3265 τῇ
286 3190 337 3241 νῦν
365 3181 440 3262 σάση
469 3179 608 3266 ἐκκλησίᾳ
637 3180 712 3261 πρὸς
740 3182 784 3263 τῷ
814 3181 903 3259 τείχει
933 3182 977 3263 τῷ
1004 3179 1035 3242 έν
1055 3189 1094 3264 τῇ
1115 3182 1225 3245 Πνικί.

152 3287 285 3367 Μήποτε
308 3280 360 3366 σάν
382 3285 417 3346 τό
436 3285 557 3364 χωρίον,
582 3285 659 3366 φασί
678 3307 764 3360 τινες,
789 3285 881 3346 έκεῖνο
903 3294 963 3344 πᾶν
984 3267 1008 3368 ᾧ
1037 3287 1227 3368 περιλαμβά-

154 3413 236 3452 νεται
267 3391 373 3473 (Dobr.
397 3389 497 3451 ἐπάνω
527 3393 702 3472 παραλαμβ.
726 3390 805 3470 libr.)
839 3391 889 3451 καὶ
919 3391 938 3468 ἡ
965 3392 1052 3464 Πνόξ
1083 3392 1228 3464 Κολωνός

152 3495 233 3557 ἐστιν
256 3495 271 3556 6
295 3495 402 3576 ἕτερος,
426 3497 441 3558 6
463 3496 589 3576 μίσθιος
611 3495 744 3578 (Meum,
766 3497 881 3573 μισθὸς
900 3495 978 3577 οοδ.)
999 3496 1164 3577 λεγόμενος,
1191 3491 1228 3559 οὗ

153 3603 295 3685 (Sauppe,
319 3602 414 3675 οὕτως
441 3602 519 3684 cod.)
548 3600 639 3684 μέρος
666 3623 696 3662 τι
727 3610 780 3661 νῦν
811 3601 943 3679 σύνηθες
971 3599 1077 3690 γέγονε,
1098 3601 1148 3687 [τό
1169 3604 1226 3664 del.

152 3706 284 3792 Sauppe]
305 3709 451 3769 Κολωνόν
472 3712 574 3769 καλεῖν
594 3710 630 3769 τὸ
652 3705 780 3768 ὄπισθεν
798 3714 853 3784 τῆς
865 3715 985 3786 μακρᾶς
999 3716 1097 3779 στοᾶς.
1119 3705 1123 3792 Ι
1147 3701 1226 3769 Ἀλλ’

154 3816 208 3876 οὐκ
236 3811 317 3875 ἔστι·
347 3815 470 3894 Μελίτη
497 3815 556 3896 γὰρ
584 3813 665 3874 ἅπαν
693 3812 795 3887 έκεῖνο,
826 3811 866 3882 ὡς
888 3810 919 3870 ἐν
941 3819 1003 3883 τοῖς
1025 3812 1160 3891 δρισμοΐς
1177 3813 1227 3895 γέ-

153 3941 284 4003 γραπται
309 3927 363 3998 τής
384 3918 506 3991 πόλεως.
538 3909 629 3991 Ἴσως
650 3917 683 3980 δέ
706 3918 736 3978 ἐν
757 3919 893 4000 Κολωνῷ
916 3918 1027 3996 κρήνην
1049 3918 1116 3977 τινὰ
1138 3941 1226 3979 κατε-

154 4025 339 4090 σκευάσατο·
362 4026 436 4108 φησὶ
457 4035 529 4106 γοῦν
551 4025 682 4107 (Wilam.
707 4023 798 4105 φησίν
818 4023 834 4082 6
856 4022 934 4104 cod.)
956 4023 1105 4102 Φρύνιχος
1121 4025 1227 4084 Μονο-

154 4132 258 4216 τρόπῳ
274 4129 286 4214 ή
304 4131 360 4203 Τίς
381 4125 414 4192 δ’
441 4129 523 4193 ίστιν
543 4130 558 4190 6
580 4130 657 4209 μετὰ
679 4120 777 4190 ταῦθ’
803 4131 913 4210 (ταῦτα
928 4127 1008 4187 Suid.
1033 4135 1129 4187 ταῦτα
1152 4128 1226 4189 ταό-
