2984 4740
558 194 578 254 ἰ

724 289 938 354 -50-

295 458 492 541 (άπολάμψαι
512 467 574 520 τῶν
595 459 706 542 Miller)
729 458 863 541 γνάθοιν.
880 457 892 543 ΙΙ
915 461 1006 520 Deest
1026 461 1207 519 Pherecratio
1225 459 1362 536 fragmen·

294 574 356 625 tum
379 565 457 647 apud
479 564 603 625 editores
626 567 661 628 ef.
684 565 774 628 Mein.
797 566 843 625 IV
866 571 937 628 623.
1000 545 1002 566 ¹

381 693 429 750 Et„
443 691 486 750 M.
504 695 575 764 529,
597 697 635 752 40
659 689 720 771 (Et.
738 689 815 752 Gud.
834 695 905 766 303,
923 689 987 770 32).
1009 725 1052 735 -
1073 687 1138 748 Καὶ
1161 689 1238 749 κατὰ
1260 688 1365 770 κόρρης

295 794 410 878 λέγεται
441 795 476 856 τὸ
498 795 552 875 τὴν
574 793 698 878 σιαγόνα
728 796 845 874 πλῆξαι.
889 792 925 857 Ὁ
954 792 987 855 οἑ
1004 784 1228 876 ’Ἐρατοσθένης
1249 793 1367 855 ἃπασαν

296 902 390 984 (sylb.
411 902 530 962 άπυσαν
552 900 629 982 cod.)
662 901 717 980 τὴν
746 909 800 978 τῆς
829 904 961 984 κεφαλῆς
989 901 1113 982 πληγήν.
1157 898 1284 983 Κόρσην
1312 899 1367 982 γὰρ

295 1007 350 1086 τὴν
372 1007 504 1090 κεφαλὴν
526 1004 667 1087 λέγεσθαι
695 1006 778 1088 φησί.
824 1007 1091 1084 Μιταβεβλῆσθαι
1118 1003 1152 1065 ιλέ
1174 1005 1208 1066 τὸ
1230 1007 1249 1067 ὃ
1273 1005 1314 1078 είς
1334 1005 1368 1065 τὸ

297 1113 317 1196 ’ρ
342 1109 495 1186 Ἀττικῶς,
521 1111 562 1182 ὡς
583 1110 630 1171 ἐπὶ
653 1120 707 1190 τῆς
726 1111 871 1194 μυρρίνης
893 1113 943 1172 καὶ
965 1121 1019 1173 τοῦ
1041 1121 1162 1192 ταρροῦ.
1202 1105 1289 1173 Ἔστι
1313 1110 1368 1192 γὰρ

296 1216 427 1299 μυρσίνη
448 1216 498 1276 καὶ
520 1215 642 1296 ταρσός.
686 1217 728 1278 cf.
753 1218 786 1277 B.
807 1219 864 1282 An.
890 1225 960 1290 255,
979 1225 1006 1282 6.
1050 1219 1097 1277 Et.
1122 1218 1163 1276 M.
1189 1223 1260 1290 360,
1278 1223 1326 1279 34.

382 1344 466 1405 Eust.
491 1349 562 1416 947,
580 1348 630 1406 26.
673 1339 716 1402 Ἡ
734 1340 767 1403 οἑ
789 1342 882 1425 κόρση
910 1343 956 1404 ὅτι
979 1343 1029 1404 καί
1050 1342 1144 1426 κόρρη
1166 1339 1280 1422 λέγεται
1303 1338 1369 1402 ἷκα-

297 1456 355 1520 νῶς
383 1445 527 1530 ἔγνωσται
557 1448 699 1525 ἀλλαχοῦ.
747 1439 818 1530 Ἀφ’
852 1439 888 1509 οὗ
915 1448 964 1509 καί
994 1449 1073 1508 κατὰ
1101 1446 1211 1529 κόρρης
1240 1445 1290 1506 καὶ
1323 1445 1369 1505 ἐπὶ

297 1551 407 1636 κόρρης
436 1551 469 1612 δι’
498 1552 577 1612 κατὰ
599 1550 717 1614 Αἴλιον
744 1551 903 1616 Διονύσιον
932 1553 1028 1636 πληγὴ
1051 1550 1170 1638 [τυχόν]
1192 1550 1211 1632 ἢ
1235 1547 1371 1632 ῥάπισμα

297 1657 412 1741 λέγεται
435 1657 470 1718 τὸ
491 1657 532 1729 εἷς
552 1655 676 1738 σιαγόνα
696 1657 746 1717 καί
766 1658 919 1742 κρόταφον
938 1659 1066 1744 (τυχόν).
1102 1657 1229 1742 Κόρρην
1250 1655 1286 1718 (λέ
1299 1678 1370 1738 φησι

297 1764 347 1824 καὶ
370 1762 483 1846 κόρσην
508 1757 638 1824 Ἀττικοὶ
660 1762 716 1840 τὴν
737 1763 808 1844 ὅλην
830 1765 962 1846 κεφαλὴν
982 1767 1037 1826 σὺν
1057 1767 1101 1847 τῷ
1123 1762 1224 1843 αὐχένι
1246 1760 1370 1844 λέγουσι.

298 1871 342 1930 Cf.
364 1871 448 1928 Eust.
476 1874 545 1941 701,
562 1872 591 1934 2.
611 1866 692 1927 Suid.
716 1888 739 1931 s.
763 1864 830 1930 Ἐπὶ
852 1893 880 1929 κ.

383 1997 467 2054 Eust.
485 1999 556 2066 492,
575 1997 624 2056 36.
657 1989 732 2054 Ἀπὸ
753 1992 789 2054 δέ
806 2016 838 2075 γε
857 2003 912 2074 τῆς
925 1993 1036 2076 κόρσης
1049 1993 1160 2074 γίνεται
1176 1993 1226 2052 καὶ
1243 1993 1262 2070 ἡ
1279 1990 1372 2074 κόρρη

298 2107 394 2188 τροπῇ
416 2107 471 2159 τοῦ
492 2092 512 2159 ἶι
532 2098 574 2170 εἰς
595 2126 622 2180 ρ.
651 2093 780 2186 Ὁμοίαις
801 2099 836 2159 τὸ
858 2100 971 2182 πυρσὸς
988 2097 1110 2181 πυρρός,
1126 2099 1236 2180 ταρσὸς
1251 2095 1371 2177 ταρρός,

298 2206 348 2266 καὶ
371 2205 406 2266 τὸ
431 2205 509 2266 κατὰ
532 2201 641 2285 κόρρης
661 2201 694 2264 δι’
715 2204 813 2281 τάηιαι
837 2205 904 2266 τινὰ
925 2205 960 2266 τὸ
983 2205 1061 2266 κατὰ
1083 2202 1193 2283 κόρσης
1213 2184 1279 2281 λάτοι
1302 2225 1373 2284 κρο-

298 2309 397 2392 τάφου
420 2309 493 2372 ἒστί.
535 2301 625 2396 ,Παρ’
647 2305 795 2381 Ἀττικοῖς
816 2307 848 2370 δι’
870 2309 964 2392 κόρρη
985 2311 1005 2388 ἡ
1024 2309 1149 2390 γνάθος.

384 2436 458 2496 Poll.
483 2441 512 2498 II
537 2442 587 2498 40.
636 2436 714 2506 Τοὺς
742 2431 775 2495 δὲ
801 2434 970 2518 κροτάφους
998 2432 1068 2496 ἔνιοι
1098 2435 1147 2496 καὶ
1177 2432 1288 2514 κόρσας
1317 2455 1374 2492 κα-

298 2544 413 2603 λοῦσιν.
458 2541 524 2600 Καὶ
547 2548 637 2601 τοῦτο
660 2534 734 2601 εἶναι
754 2542 790 2602 τὸ
811 2541 858 2602 ἐπὶ
881 2540 991 2624 κόρρης
1011 2541 1138 2602 παίειν.ι

384 2667 428 2727 Of.
461 2667 530 2726 Hes.
554 2667 648 2727 Κατὰ
678 2665 797 2749 κόρρης.
838 2665 956 2747 Κόρση.
1000 2665 1131 2746 Κόρσαι.
1177 2665 1375 2728 Ηοιοάὶοιι.1

302 2778 373 2844 340,
398 2776 448 2835 20.
486 2777 501 2834 I
530 2779 596 2844 123,
621 2777 649 2835 8.
686 2777 716 2836 Π
740 2780 811 2846 378,
834 2780 862 2836 3.
901 2769 1018 2830 Bachm.
1042 2769 1152 2832 Aneod.
1180 2772 1196 2830 I
1226 2776 1298 2844 2³0,
1325 2779 1375 2835 15.

301 2876 397 2936 Schol.
422 2877 546 2936 Theocr.
569 2877 647 2938 XIV
671 2885 718 2942 34.
755 2875 851 2936 Schol.
875 2878 959 2936 Dem.
982 2877 1030 2935 IX
1055 2882 1124 2948 573,
1142 2882 1180 2939 23
1204 2872 1294 2936 Βῑοό.

386 3093 437 3151 76.
471 3086 528 3151 *L
571 3089 679 3148 Athen.
710 3094 755 3152 XI
784 3088 886 3153 4781).
930 3086 1120 3159 Κότυλος.
1149 3123 1191 3134 --·
1219 3085 1378 3169 Διόδωρος

299 3186 330 3253 δ”
364 3191 395 3252 ἓν
417 3195 461 3276 τῷ
483 3193 558 3274 πρός
579 3190 771 3274 Λυκόφρονα
800 3193 882 3275 παρὰ
904 3193 1079 3266 Σικυωνίοις
1103 3194 1153 3254 καὶ
1179 3192 1378 3275 Ταραντίνοις

300 3297 489 3373 ἐπιπολάζειν
511 3297 584 3380 φησὶ
614 3298 649 3359 τὸ
680 3295 821 3377 ἔκπωμα,
856 3293 931 3360 εἶναι
960 3297 994 3360 δὲ
1015 3299 1090 3360 αὐτὸ
1111 3298 1258 3381 λουτηρίῳ
1280 3297 1378 3371 ἐοικὸς

298 3407 404 3483 βαθεῖ.
884 3465 897 3488 0
1229 3408 1233 3423 ⁰

388 3509 432 3570 Of.
450 3509 520 3569 ibid.
540 3515 611 3582 478,
624 3528 650 3571 e.
674 3509 844 3588 Κοτάλη.
868 3545 907 3556 -
931 3507 1086 3589 Διόόίορος
1103 3506 1137 3568 οἑ
1151 3509 1203 3569 τὸν
1218 3508 1301 3590 παρά
1314 3529 1378 3570 τισι

299 3612 426 3675 κότυλον
442 3615 569 3694 κοτάλην
585 3613 769 3693 ὠνομακέναι
793 3615 845 3676 τὸν
866 3615 991 3695 ποιητὴν
1007 3613 1018 3698 ΙΙ
1034 3614 1159 3695 Πόρνον
1176 3614 1226 3674 καὶ
1248 3613 1380 3694 κοτύλην

300 3715 319 3800 ῥ
345 3725 381 3783 12
408 3719 440 3805 Η,
470 3720 504 3780 ὃν
532 3721 639 3780 κύλικα
667 3719 723 3800 μὲν
752 3722 806 3783 οὐκ
829 3715 920 3799 εἶναι,
949 3722 986 3782 οὐ
1017 3721 1075 3802 γὰρ
1097 3717 1173 3800 ἔχειν
1195 3718 1264 3801 (δύο
1284 3719 1377 3802 addo)

301 3816 382 3901 άιτα,
408 3825 618 3907 παραπλήσιον
639 3816 670 3886 δ’
695 3825 840 3908 ὑπάρχειν
868 3825 1015 3910 λουτηρίῳ
1035 3828 1147 3903 βαθεῖ,
1178 3825 1321 3906 ποτηρίου
1344 3823 1379 3886 δὲ

298 3923 379 4001 ιίάος
411 3924 495 3994 εἶναι.
541 3931 705 3992 Λάνασθαι
736 3929 769 3992 00
795 3931 845 3992 καὶ
874 3932 927 3992 τὸν
948 3931 1030 4013 παρὰ
1059 3937 1122 4002 τοῖς
1143 3929 1297 4001 Αίτωλοϊς
1326 3931 1381 3989 καί

297 4053 361 4097 τισι
385 4045 449 4097 τῶν
471 4034 581 4098 Ἰάνων
603 4035 760 4119 λεγόμενον
781 4036 916 4113 κότυλον,
945 4037 978 4097 ὃν
999 4035 1102 4114 ὅμοιον
1123 4034 1197 4096 ὄντα
1218 4015 1279 4096 τάν
1301 4055 1378 4116 προ-

302 4141 466 4225 ιιρημίνοιν
486 4137 518 4203 ἓν
541 4137 591 4214 σάς
613 4139 697 4221 ἔχειν.
743 4143 938 4225 (Athenaeum
967 4143 1133 4222 compilauit
1162 4144 1243 4201 Eust.
1273 4141 1378 4224 1282.)
