2984 4740
578 311 896 403 -το-Ι

238 479 308 538 Hes.
333 477 395 539 θέα
417 475 489 556 παρ’
512 480 642 562 αλγείρου
665 480 844 562 (παρεγείρω
858 479 948 563 toth).
985 479 1084 553 Τόπος
1097 478 1228 563 αίγειρον

153 580 238 662 ἔχων,
261 583 336 644 ὅθεν
357 581 521 666 ἐθεώρουν.
565 586 699 666 Εὐτελὴς
722 583 755 648 δὲ
777 581 873 646 ἐδόκει
894 584 914 664 ἢ
936 582 1078 647 ἐντεῦθεν
1098 586 1226 668 θεωρία·

153 688 311 770 μακρόθεν
332 689 389 770 γάρ
411 682 448 768 ἦν
469 690 519 750 καί
542 689 653 752 εόιόνου
675 690 690 752 ὁ
713 689 804 764 τόπος
825 689 977 752 ἐπωλεῖτο.

238 815 289 874 Nil
309 818 378 875 noui
401 815 540 878 exhibent
560 819 646 877 Phot.
663 815 742 878 θίαν
755 813 827 897 παρ’
842 814 971 897 αἴγειρον
987 815 1056 898 (leg.
1071 815 1226 898 aiyrt'pov).

151 918 232 978 suit.
262 919 393 1001 αῖγείρου
423 920 484 981 θία
513 932 542 982 et
571 919 623 983 ἀπ’
652 923 783 1005 αι’γείρου
812 919 882 983 θία.
926 923 961 982 Β.
991 922 1049 981 An.
1079 928 1151 996 419,
1178 929 1227 986 15.

151 1023 199 1083 Et.
223 1025 266 1084 M.
290 1034 419 1100 444,17
442 1027 514 1107 ireg.
535 1048 608 1088 com.
630 1032 661 1092 II
688 1034 756 1096 189.

239 1149 342 1210 Eidem
363 1151 459 1212 tribuo
480 1151 570 1213 sohel.
592 1153 789 1217 Theonoen
814 1152 864 1235 (of.
885 1152 966 1213 Suid.
983 1172 1006 1212 s.
1030 1152 1135 1236 inpia).
1173 1149 1228 1224 Ὡς

152 1249 195 1314 ίτι
226 1253 328 1336 ἰκρίων
355 1253 451 1316 όντιιιν
480 1257 511 1319 ἓν
540 1261 584 1342 τῷ
611 1258 736 1342 θεάτρῳ
765 1258 815 1319 καὶ
843 1255 874 1317 ἰν
901 1263 968 1328 ταῖς
989 1249 1158 1338 ἐκκλησίαις
1180 1256 1228 1318 ἐπὶ

151 1359 248 1432 ’ξάλιον
284 1360 478 1441 καθημένων.
526 1365 610 1446 Πρὶν
644 1365 702 1445 γὰρ
736 1361 878 1445 γενέσθαι
913 1362 948 1424 τὸ
985 1359 1119 1445 θίατρον
1154 1362 1228 1436 ξόλα

152 1462 311 1544 ἐδέσμευον
339 1467 389 1527 καὶ
419 1467 515 1541 οὕτως
543 1466 705 1551 ἐθεώρουν.
750 1473 885 1533 Fortasse
912 1469 998 1528 etiem
1025 1468 1082 1529 line
1103 1470 1230 1549 pertinet

151 1571 237 1630 Phot.
256 1564 407 1652 Ληναῖον.
441 1574 610 1664 Περιβολος
630 1573 722 1656 με’γας
738 1571 915 1654 Ἀθήνησιν,
935 1571 966 1634 ἓν
987 1560 1011 1658 ᾧ
1025 1575 1095 1646 τοὺς
1111 1575 1229 1656 ἀγῶνας

151 1667 223 1756 ἦγον
259 1677 318 1758 πρὸ
356 1687 410 1738 τοῦ
446 1680 481 1740 τό
511 1678 643 1763 θέατρον
671 1679 925 1760 οἰκοδομηθῆναι,
956 1677 1150 1757 ὀνομάζοντες
1180 1677 1228 1741 tut

151 1781 302 1865 Ληναίῳ·
325 1779 406 1844 ἔστιν
429 1782 462 1845 δὲ
484 1783 515 1846 ἓν
536 1787 619 1869 αὐτῷ
641 1785 691 1845 καὶ
714 1783 793 1864 ἱερὸν
813 1785 961 1847 ,ίιονόσσυ
982 1785 1139 1865 Ληναίου.
1183 1784 1227 1846 Cf.

152 1887 223 1946 Hes.
248 1884 295 1947 ἓτιὶ
310 1889 445 1974 Ληναίῳ
467 1903 495 1949 et
510 1889 644 1969 Λίμναι.
676 1893 710 1951 Β.
733 1892 791 1951 An.
816 1896 929 1966 278,8.
952 1891 1041 1951 schol.
1059 1890 1130 1952 th.
1156 1897 1228 1954 504.

150 1994 226 2052 Ren.
252 2000 322 2057 216.

239 2121 346 2180 Aliena
360 2141 426 2180 eum
437 2121 664 2182 Eratostheniois
679 2125 834 2182 commixta
849 2141 913 2182 esse
927 2120 1064 2184 uidentur
1077 2141 1124 2202 ep.
1141 2120 1227 2180 Phot.

153 2223 245 2307 ίίιρια·
280 2226 319 2286 τὰ
347 2223 378 2285 ἓν
407 2231 445 2308 τῇ
474 2225 577 2312 ἀγορᾷ,
607 2222 662 2308 ἀφ’
691 2217 734 2286 ὧν
762 2222 896 2288 ἐθεῶντο
920 2227 991 2298 τοὺς
1013 2225 1230 2298 Διονυσιακοὺς

152 2333 273 2413 ἀγῶνας
305 2330 376 2412 πρὶν
409 2327 427 2410 ἢ
457 2335 743 2412 κατασκευασθῆναι
775 2332 811 2393 τὸ
842 2331 873 2393 ἐν
904 2331 1053 2393 Διονύσου
1086 2329 1229 2413 θέατρον.
1327 2369 1329 2376 1

154 2438 198 2498 ef.
222 2437 348 2496 Persen.
371 2456 418 2516 ep.
442 2437 525 2496 Eust.
553 2442 648 2510 1472,
672 2443 700 2501 5.
746 2438 816 2498 Hes.
841 2437 930 2518 inpio.
974 2437 1048 2497 Poll.
1073 2437 1132 2497 VII
1159 2443 1228 2502 125.

153 2542 357 2616 Weohsmuth,
380 2540 455 2604 Stdt.
477 2541 585 2602 Athen.
608 2543 624 2602 I
648 2549 708 2604 510
731 2553 790 2603 not.
835 2543 942 2603 Bernh.
965 2542 1037 2620 ireg,
1060 2539 1228 2607 XXXVII,

152 2645 286 2706 Schmidt
307 2646 375 2705 Did.
401 2653 451 2713 55.

241 2924 276 2981 4.
301 2915 381 2982 *En
403 2918 492 2976 schol.
516 2919 590 2978 Ren.
618 2923 708 2985 1206.
752 2915 958 2999 Αἴγυπτος
985 2915 1027 2989 ὡς
1054 2914 1073 2976 ό-
1092 2916 1230 2986 πλεῖστος

154 3018 301 3103 άνταρται
330 3020 424 3102 λόγος.
464 3018 627 3102 Ἀρχελάου
660 3021 738 3103 αὕτη
771 3021 851 3084 ἐστὶν
884 3023 902 3102 ἡ
935 3019 1033 3104 ἀρχή,
1068 3017 1109 3092 tte
1141 3041 1228 3092 τινες·

152 3127 287 3206 ψευδῶς,
329 3127 376 3188 Οὐ
396 3127 454 3208 γάρ
476 3125 597 3209 φέρεται
620 3137 672 3188 νῦν
685 3128 852 3211 Εὐριπίδου
873 3124 959 3210 λόγος
973 3125 1070 3199 οὐδεὶς
1084 3133 1229 3198 τοιοῦτος.

159 3233 207 3293 Οὐ
228 3231 286 3314 γάρ
309 3231 381 3307 ι’στι,
412 3232 503 3313 φησίν
519 3229 724 3316 Ἀρίσταρχος,
754 3241 808 3295 τοῦ
823 3231 996 3316 Ἀρχελάου,
1028 3231 1055 3292 εἲ
1074 3231 1117 3312 μὴ
1139 3231 1231 3304 αὐτὸς

153 3335 323 3418 μετέθηκεν
345 3336 478 3420 ὕστερον.
519 3334 554 3400 Ὁ
575 3337 608 3400 δὲ
625 3336 843 3422 Ἀριστοφάνης
872 3339 906 3399 τὸ
929 3336 959 3411 ἕξ
981 3339 1075 3418 ἀρχῆς
1097 3336 1231 3416 κείμενον

155 3437 230 3508 εἶπε.
273 3443 396 3504 Schneei
423 3443 619 3505 additamento
647 3444 727 3527 (οὐχ)
751 3443 830 3524 αάτη
851 3446 1083 3525 interpunctione
1103 3451 1232 3502 correcte

155 3569 253 3610 cerere
274 3569 435 3631 possumus.
470 3551 548 3609 Ante
564 3550 788 3631 Aristophanem
811 3553 952 3630 interpres
973 3549 1080 3629 aliquis
1094 3547 1232 3612 Arehslni

154 3658 269 3716 initium
299 3675 361 3716 esse
390 3653 473 3716 dixit.
517 3654 592 3733 Quis
621 3657 708 3716 suerit
735 3659 841 3729 neseio,
864 3655 916 3715 sed
938 3655 1110 3735 Euphronio
1132 3652 1230 3728 tribui,

155 3765 226 3842 quie
248 3762 471 3843 Aristophanem
494 3764 570 3821 inter
590 3781 696 3842 pancos
718 3760 783 3820 illos
803 3763 984 3841 interpretes,
1007 3763 1145 3841 quiante
1164 3777 1231 3818 eum

154 3869 278 3942 fuerint,
312 3869 444 3949 inprimis
472 3867 635 3948 Euphronii
665 3868 794 3944 megistri
823 3868 1042 3927 commentarios
1070 3866 1231 3945 respexisse

155 3971 251 4033 credo.
297 3973 340 4033 cf.
364 3973 436 4050 frag.
459 3972 548 4050 Treg.
571 3971 616 4032 ed.
639 3972 752 4032 Nauck.
777 3994 806 4052 p.
822 3979 894 4036 340.
931 3972 1021 4031 Arist.
1042 3973 1113 4051 Byr.
1131 3991 1160 4050 p.
1178 3977 1229 4036 63.

155 4078 253 4157 Bergk
276 4087 427 4137 comment.
453 4101 480 4158 p.
502 4085 554 4143 95.
