2984 4740
693 295 907 358 „40-

266 467 365 550 (quem
393 483 532 526 canonem
559 465 596 524 ab
626 464 793 525 Aristarcho
821 475 960 526 statutum
988 457 1050 524 eale
1079 463 1162 524 dooet
1187 464 1295 525 Herod.
1319 469 1334 524 I

267 580 336 646 541,
354 572 395 653 6).
433 571 576 652 Suspioari
599 571 667 630 lioet
683 572 904 631 Eratosthenem
919 571 1074 650 Tryphoni
1095 580 1239 630 auctorem
1262 589 1333 644 esso,

266 697 340 756 qnae
361 679 503 736 sententia
522 675 699 756 probabilior
719 674 751 732 fit
772 682 935 758 comparato
957 675 1005 760 Et.
1021 676 1062 734 M.
1082 681 1152 746 626,
1170 683 1206 737 57
1232 673 1334 756 (Orion

264 802 287 846 s,
300 803 326 840 v.
347 779 420 854 δξσς.
443 782 593 864 Zonaras.)
614 778 641 842 oi
660 779 693 840 δὲ
710 783 877 862 Κυρηναῖοι
895 781 930 840 τὸ
945 779 1010 852 δξος
1027 774 1098 859 ἦδος
1113 773 1231 862 (ἧδοςὲ)
1249 779 1333 862 φασί.

348 889 430 948 Enst.
452 894 540 959 1417,
557 894 606 950 21.
621 921 665 933 -
686 884 799 958 Αἴλιος
819 895 890 967 γοῦν
912 885 1069 958 Διονύσιος
1087 885 1191 968 φησίν·
1214 877 1284 965 ἦδος
1300 885 1335 945 τδ

264 990 337 1066 δέος,
362 991 539 1052 δασάνουσιν
556 989 685 1052 Ἀττικοὶ
708 992 758 1051 καὶ
780 991 880 1052 πάντα
902 992 939 1051 τὰ
963 999 1104 1067 τοιαῦτα,
1128 985 1189 1052 οἷον
1211 991 1260 1051 καλ
1283 991 1335 1051 τὸν

263 1094 437 1175 ἧδαλισμόν.
482 1095 527 1157 Of.
549 1097 656 1157 Athen.
680 1101 710 1160 II
733 1103 782 1172 67,
798 1117 822 1155 ο.
867 1095 939 1158 Poll.
962 1098 1007 1157 VI
1030 1103 1080 1163 65.
1120 1099 1199 1156 Haeo
1227 1100 1251 1156 si
1273 1100 1335 1156 iure

265 1202 450 1262 Eratostheni
472 1201 568 1275 tribui,
593 1202 649 1261 huo
671 1205 795 1282 pertinet
816 1219 940 1281 sequens
960 1204 1057 1280 glossa

227 1413 231 1420 '
264 1397 490 1460 53.hlr.Hes.
518 1393 764 1479 Ἡδυντῆρες.
833 1398 918 1460 Phot.
958 1395 1202 1478 Ἠδσντῆρες.
1242 1383 1334 1468 Ἅλις.

269 1505 308 1570 Oi
334 1505 410 1579 άλες.
454 1503 685 1589 Ἐρατοσθένης.
721 1509 763 1568 cf.
836 1506 922 1580 Τινὲς
951 1507 984 1568 δὲ
1014 1507 1146 1589 λέγουσιν
1174 1508 1335 1586 ἡδυντῆτες

262 1613 337 1678 Poll.
359 1617 404 1678 VI
428 1627 476 1681 71.
833 1617 993 1702 (ἡδυτῆρες
1014 1620 1109 1701 Non).

263 1737 378 1818 Tryph.
403 1735 511 1816 (wala,
528 1738 600 1798 rhet.
615 1738 667 1798 Gr.
680 1741 750 1799 VIII
766 1745 835 1811 756,
851 1738 883 1819 6)
905 1739 970 1799 Καὶ
986 1741 1055 1810 τοὺς
1069 1737 1143 1810 δι’λιις
1157 1738 1334 1819 ἡδοντῆρας.

265 1841 309 1903 Of.
332 1843 439 1903 Bernh.
462 1865 492 1921 p.
520 1847 587 1908 142.
630 1841 768 1913 Schmidt,
792 1842 861 1903 Did.
884 1865 912 1922 p.
938 1851 986 1909 55.
1035 1845 1127 1904 Hiller
1149 1866 1177 1923 p,
1206 1849 1273 1909 120.

262 2025 320 2084 54.
333 2019 405 2083 *sla
430 2022 501 2080 Hes.
524 2017 762 2099 Ἡδάσμιιτα.
834 2022 918 2084 Phot.
932 2019 1242 2105 (6οἱι1.)Ἡὸύσμιιτα.
1269 2018 1334 2102 Ἀρ-

267 2129 451 2214 ’Aonium
833 2134 954 2211 νάματα
977 2131 1139 2215 (ἀρώματα
1163 2135 1234 2198 Nbr.
1256 2129 1334 2214 βρώ-

831 2265 916 2321 ματα
938 2244 1016 2326 οοδ.)
1038 2242 1057 2323 ἢ
1080 2245 1213 2322 εδοσμία.

263 2361 513 2446 8ο1ωλ.Εα.,678.
543 2356 680 2422 Ἐδίδουν
701 2361 871 2439 ἡδύσματα.
901 2354 1086 2443 Ἀρτάματα,
1111 2363 1210 2446 φησὶν,
1234 2364 1335 2433 αὐτοῖς

264 2466 452 2550 ἐχαριζόμην.
503 2463 628 2538 Οἰνείως
649 2463 682 2527 δὲ
705 2466 745 2539 ὡς
766 2466 906 2549 μάγειρος
928 2467 1027 2528 ἐδίδου
1048 2469 1086 2528 τὰ
1108 2470 1278 2552 άρτάματα,

348 2573 422 2635 Poll.
445 2571 491 2631 VI
525 2577 575 2634 13.
623 2571 670 2631 Τὰ
702 2570 735 2632 δὲ
769 2573 929 2653 ἀρτύματα
960 2574 1131 2652 ἡδύσματα.
1177 2574 1220 2634 Of.
1253 2575 1334 2634 Erot.

264 2678 391 2761 (Klein.)
413 2700 442 2756 p.
469 2684 535 2750 111,
555 2683 582 2740 8.
609 2686 726 2758 74,11.
767 2679 853 2740 Phot.
877 2698 900 2740 s.
922 2699 949 2737 v.
973 2679 1117 2758 ἡδάνθαι.

308 2874 361 2931 55.
384 2871 439 2931 Er.
468 2859 668 2929 Phot'tsta.
703 2869 767 2947 Τὴν
835 2869 918 2929 sust.
944 2876 1033 2941 1445,
1062 2876 1111 2934 ω.
1145 2903 1189 2914 -
1230 2864 1267 2928 ot
1303 2863 1335 2926 δὲ

263 2983 326 3036 τῶν
341 2973 471 3056 ὀσπρίων
486 2973 634 3054 καλάμην.
661 2973 767 3045 Οδτως
834 2974 958 3034 παλαιοί
993 2995 1067 3056 φασι
1107 2973 1156 3033 καὶ
1200 2982 1334 3034 τοιαῦτα.

263 3077 495 3163 Ἐρατοσθένης.
533 3075 568 3140 Ὁ
590 3077 622 3138 δι’
644 3079 768 3158 ποιητὴς
835 3068 914 3138 ’Ήϊα
936 3079 1045 3159 κυρίως
1058 3079 1137 3140 κατὰ
1151 3075 1335 3158 Ἐρατοσθέ-

265 3187 367 3257 δπλῶς
382 3182 479 3267 εἴρηκε
495 3182 583 3267 (ἔοικε
599 3182 766 3267 οοδ.)βρώ-
836 3207 889 3263 νην
921 3184 1051 3264 ὀσπρίων
1082 3183 1225 3261 καλάμαι.
1270 3181 1335 3244 Καὶ

264 3314 349 3371 ματα
380 3289 391 3374 ll
421 3289 518 3352 Θώων
540 3290 714 3372 παρδαλίων
735 3311 766 3350 τε
835 3289 1023 3367 δισυλλάβως
1051 3288 1082 3348 ἐν
1109 3278 1337 3372 σοναιρίσειῇα

265 3398 363 3458 λδκων
384 3389 412 3457 τ’
439 3397 491 3475 ἤϊα
508 3394 656 3458 πέλονται.
673 3394 684 3478 ll
701 3395 765 3456 Kal
835 3395 877 3467 ὡς
913 3395 962 3454 καὶ
1004 3393 1196 3476 Φερεκράτης
1229 3393 1240 3478 Η
1274 3394 1337 3473 Τὴν

264 3504 317 3564 τὸν
343 3503 384 3575 εἰς
410 3503 465 3574 τὰς
487 3511 559 3573 ναῦς
581 3498 767 3580 ἐπισιτισμὸν
834 3495 956 3582 γαστέρ’
988 3490 1050 3584 ᾕων
1072 3500 1122 3560 καὶ
1144 3501 1268 3580 ἀχύρων
1287 3521 1336 3560 σι-

265 3609 384 3687 δμοίως.
835 3604 988 3688 οαγμένος.
1024 3603 1035 3689 Η
1070 3598 1202 3686 Ὅμηρος
1234 3602 1267 3665 δὲ
1298 3603 1337 3664 τὰ

835 3712 937 3783 ἁπλῶς
976 3709 1128 3793 βρώματα
1164 3713 1215 3790 ἤϊα
1251 3708 1336 3791 λέγει.

835 3816 934 3896 Ληλοῖ
945 3815 978 3876 δὲ
994 3817 1044 3877 καὶ
1062 3818 1115 3877 τὸν
1130 3815 1171 3888 εἷς
1187 3824 1259 3887 ναῦς
1273 3812 1337 3875 ἔπι-

834 3922 980 4001 σιτισμόν.
1014 3923 1109 3984 Sohol.
1128 3923 1249 3998 Homss
1265 3927 1335 3985 289.

266 4045 358 4105 Deest
389 4045 594 4105 Eratosthenes
630 4041 708 4123 apud
743 4042 930 4121 Hesychium.
975 4041 1083 4102 Bernli.
1116 4043 1188 4120 frag.
1220 4040 1336 4100 XLIX.

265 4151 352 4229 Frag.
376 4170 449 4210 eom.
471 4151 502 4210 II
526 4157 595 4214 344.
