2984 4740
702 245 916 309 ..13-

277 422 356 481 lust
387 415 443 489 eh,
474 415 526 476 sed
555 424 634 476 certa
662 418 688 474 ei
718 415 846 474 tribuere
867 415 943 475 uelle
964 418 1077 476 irritum
1099 425 1151 476 cst.
1196 417 1269 478 Oum
1292 417 1347 476 hoc

272 520 360 584 modo
376 524 445 602 ipse
467 520 503 580 de
525 523 697 581 comicorum
718 520 878 580 rationibus
900 540 969 580 uere
990 519 1137 594 iudicaret,
1162 522 1274 582 efficere
1287 531 1346 584 stu-

271 626 368 701 dsbct,
387 635 421 686 ut
448 628 536 686 etism
564 625 693 703 legentes
722 645 798 705 quae
826 627 871 686 uis
898 627 928 686 in
950 627 1070 704 singulis
1092 627 1347 706 compositionibus
1373 670 1377 684 ,

271 732 467 812 omnibusque
487 732 597 791 facetiis
618 733 724 790 inesset
743 731 942 809 intellegerent
960 740 988 790 et
1003 730 1139 791 iudicium
1159 731 1276 805 ferrent,
1296 754 1347 793 en·

271 837 469 900 notationibus
491 837 573 896 uelut
598 836 670 914 frag.
695 841 733 898 25
763 834 805 908 εἰς
833 836 868 896 τὸ
897 829 975 908 εἶδος
998 837 1051 896 οὐκ
1080 835 1249 917 ἀρρύθμως
1275 837 1346 897 παί-

272 942 390 1019 ζονται,
420 943 492 1020 frog
520 948 576 1005 111
605 944 844 1022 παρετυμολογεῖ
861 941 914 1001 τὸν
936 939 1029 1002 πόκον
1051 942 1086 1002 οὐ
1107 948 1217 1012 κακῶς.
1261 943 1346 1002 'Pelia

271 1045 379 1107 iudicia
400 1049 588 1107 inueniuntur
608 1049 640 1106 in
661 1046 777 1106 scholiis
798 1049 957 1120 innumere,
980 1045 1090 1107 sed'ne
1112 1049 1142 1105 in
1163 1047 1207 1106 hie
1227 1045 1361 1127 quidem·

272 1151 344 1232 quid
366 1171 384 1210 a
406 1171 524 1231 quoque
546 1161 709 1211 coemtore
731 1151 874 1232 prolatum
896 1155 933 1212 sit
953 1150 1164 1211 diiudiccueris.

358 1257 422 1316 lcm
451 1259 476 1317 si
504 1235 654 1336 deseritur
682 1277 755 1337 ques
783 1258 964 1338 potissimum
985 1259 1228 1337 interpretationis
1250 1267 1347 1338 partes

273 1363 454 1435 ucctsuerit,
484 1363 527 1422 nil
548 1364 666 1422 omnino
689 1343 818 1422 omisisse
839 1361 963 1421 uidetur.
1008 1363 1044 1421 In
1066 1363 1214 1422 historiam
1236 1383 1347 1423 comoe-

275 1465 341 1526 dioe
362 1467 400 1527 ub
422 1487 457 1528 eo
479 1470 520 1526 ite
540 1469 710 1547 inquisitum
732 1486 802 1540 esec,
833 1477 866 1527 ut
893 1465 932 1526 nd
953 1470 1031 1548 ipsos
1052 1468 1155 1539 fontes,
1179 1465 1349 1528 didascalice

274 1580 305 1632 et
325 1572 485 1647 historiens,
510 1572 657 1632 recederet
678 1592 765 1652 supra
785 1571 920 1633 uidimus.
958 1571 1071 1632 Eodem
1087 1571 1171 1632 modo
1187 1572 1224 1632 de
1238 1572 1350 1652 reliquo

274 1678 396 1737 historic
424 1662 798 1756 litterarum'grnuissimus
825 1687 926 1738 unctor
954 1688 1015 1738 ernt
1051 1678 1136 1760 (trag.
1167 1678 1349 1761 101,109.),

275 1801 374 1862 neque
402 1803 462 1843 non
487 1781 524 1843 de
551 1783 639 1843 rebus
667 1784 756 1861 gestis
778 1781 956 1844 Graecorum
978 1792 1010 1843 ut
1031 1787 1083 1863 qui
1104 1785 1351 1864 chronogrephicc

275 1890 480 1969 conscripserit
499 1888 585 1969 (frag.
599 1895 648 1961 59,
663 1895 712 1962 to,
729 1887 812 1970 119),
855 1888 954 1949 Minus
975 1890 1097 1949 feliciter
1117 1909 1163 1948 res
1186 1892 1213 1948 ei
1234 1893 1353 1950 cessisse

276 1992 396 2053 uidetur
425 1994 456 2052 in
484 1992 570 2052 rebus
593 1993 697 2052 Atticis
726 1993 913 2074 explicandis,
943 2003 977 2054 ut
997 1994 1125 2067 Polemo,
1157 1993 1281 2072 diligens
1303 1996 1353 2056 ille

276 2100 431 2180 periegetc,
456 2099 486 2156 in
507 2095 582 2158 libro
599 2097 667 2178 περὶ
689 2105 744 2176 τῆς
759 2094 925 2179 Ἀθήνησιν
939 2096 1177 2180 Ἐρατοσθένους
1194 2098 1353 2178 ἐπιδημίας

279 2201 382 2284 (schol
406 2202 526 2264 Av.11.
549 2203 587 2262 cl.
610 2204 646 2262 cf.
669 2203 788 2276 Preller,
811 2204 920 2266 Polem.
944 2229 973 2285 p.
999 2211 1048 2276 85,
1074 2205 1181 2264 Bernh.
1203 2227 1233 2284 p.
1258 2204 1290 2285 4)
1312 2207 1352 2264 io·

278 2327 347 2368 rsus
370 2327 435 2368 eum
457 2307 582 2367 Athenis
611 2307 715 2369 studiis
742 2309 902 2370 litterarum
931 2320 989 2370 tam
1012 2309 1166 2388 diligenter
1186 2330 1217 2370 sc
1240 2309 1353 2370 dedisse

279 2411 402 2487 diceret,
434 2420 468 2472 nt
496 2412 628 2473 Athenas
660 2414 763 2474 urbem
795 2417 847 2474 uix
880 2415 991 2476 uideret
1019 2420 1054 2476 cf.
1084 2416 1181 2478 Strab-
1210 2421 1226 2479 Ι
1258 2437 1287 2494 p.
1317 2422 1351 2476 15

277 2507 369 2579 ’Ἐστι
397 2513 470 2578 δ’ὁ
499 2513 721 2599 Ἐρατοσθένης
743 2509 816 2580 ots’
842 2519 937 2592 οὕτως
959 2519 1248 2602 εὐκατατρόχαστος,
1277 2519 1353 2580 ὥστε

278 2619 356 2702 μηδ’
383 2618 520 2701 Ἀθήνας
549 2624 658 2718 αὐτὸνι
672 2623 745 2685 ἰδεῖν
775 2624 910 2707 φάσκειν,
940 2625 1014 2707 ὅπερ
1035 2624 1187 2704 Πολέμων
1216 2625 1357 2706 ἐπιχειρεῖ

280 2727 449 2803 δεικνύναι,
484 2725 547 2789 οὔτ’
578 2727 625 2790 tut
654 2738 797 2790 τοσοῦτον
824 2729 945 2805 πιστός,
980 2729 1028 2814 ἐφ’
1058 2731 1128 2793 ὅσον
1157 2729 1356 2814 παρεδέξαντο

281 2855 369 2905 τινες.
405 2832 464 2909 Qui
486 2843 583 2894 autem
605 2855 716 2895 errores
738 2839 799 2896 eius
821 2840 852 2897 in
866 2838 921 2897 hoc
935 2857 1042 2916 genere
1056 2839 1163 2898 fuerint
1177 2859 1213 2897 ex
1228 2840 1299 2915 frag.
1316 2843 1354 2900 80

281 2942 422 3020 suspicari
451 2959 611 3019 possumus,
641 2961 700 3020 quo
730 2944 793 3021 ipso
818 2963 936 3023 qnoque
957 2942 1082 3002 dilucide
1105 2942 1265 3003 ostenditur
1285 2944 1356 3002 Erc-

281 3045 446 3105 tosthenem
477 3063 523 3104 res
552 3046 664 3104 Atticus
692 3050 783 3125 magis
814 3053 988 3129 percurrisse
1016 3069 1103 3129 quum
1131 3057 1264 3108 accurate
1292 3068 1356 3128 per-

283 3159 442 3211 scrutatum
464 3168 536 3208 csse.
580 3149 637 3209 Sed
667 3171 843 3232 quamquam
872 3153 950 3214 haud
980 3174 1082 3235 pauco,
1100 3156 1246 3234 periegets
1270 3156 1301 3213 in
1323 3175 1357 3214 eo

283 3253 524 3336 reprehendenda
553 3257 698 3315 inuenisse
727 3257 851 3328 uidetur,
881 3279 946 3318 cum
975 3259 1052 3318 illius
1075 3261 1170 3339 operis
1191 3259 1264 3319 alter
1284 3259 1359 3318 liber

283 3363 427 3422 excitetur
449 3359 535 3442 (hag.
550 3362 613 3444 42),
636 3373 734 3422 tamen
756 3363 846 3422 mults
866 3374 943 3423 recte
966 3364 1110 3445 explicato
1132 3375 1214 3424 crant
1230 3364 1315 3445 (frag.
1329 3371 1357 3440 3,

286 3474 337 3542 91,
365 3447 448 3547 132).
494 3466 603 3528 Contra
630 3471 724 3529 omnis
754 3469 817 3528 laus
847 3471 873 3528 ei
901 3469 1055 3530 tribuenda
1084 3479 1127 3530 cst
1153 3474 1181 3531 in
1205 3469 1359 3530 uerborum

286 3575 535 3652 interpretatione,
557 3575 638 3632 cuius
660 3575 691 3633 in
713 3577 827 3635 comicis
849 3575 950 3636 studiis
972 3579 1092 3654 insignis
1113 3585 1156 3636 cst
1170 3577 1258 3635 locus.
1293 3575 1359 3652 Quo

285 3681 317 3738 in
344 3697 452 3756 genere
483 3698 549 3738 oum
578 3679 721 3740 uocabula
749 3680 909 3741 cotidianae
936 3684 1013 3741 uitae
1036 3684 1210 3742 onomcstioo
1233 3684 1288 3740 iam
1311 3701 1359 3740 cx-

287 3786 446 3864 posnisset,
475 3782 513 3842 ad
542 3785 670 3862 singulas
699 3786 859 3846 comoedias
888 3787 1015 3848 restabat
1039 3797 1072 3847 ut
1092 3807 1178 3847 uoces
1199 3807 1286 3860 raras,
1311 3787 1360 3847 oh

286 3888 402 3962 soletcs,
436 3887 555 3950 ficticics
588 3893 618 3950 in
651 3891 715 3950 lnce
741 3901 871 3971 poneret.
915 3895 983 3953 Non
1010 3903 1106 3952 autem
1136 3895 1204 3952 satis
1236 3892 1363 3952 habebat

287 4014 368 4054 more
388 3993 662 4076 glossogrnphorum
689 3995 760 4077 quid
787 3996 902 4074 singule
923 3999 1116 4076 significarent
1139 4007 1286 4070 annonre,
1311 3997 1362 4058 sed
