2984 4740
497 248 791 346 .-³1·

229 421 289 481 25.
319 421 358 482 L.
381 423 435 481 Er.
478 419 586 480 Athen.
616 417 786 482 X1501d.
831 418 988 500 Κρατίνου
1019 415 1054 478 δ’
1087 406 1222 490 εἰπόντος

145 522 178 584 ἐν
193 522 377 605 Δραπετίσι·
395 521 407 607 ΙΙ
423 521 551 604 δέχεσθε
566 522 678 607 φιάλας
696 521 789 585 τάσδε
810 521 1190 606 βαλανειομφάλους
1206 521 1220 608 λλ

145 624 368 710 Ἐρατοσθένης
389 628 420 691 έν
441 632 485 713 τῷ
504 623 653 712 ἑνδεκάτῳ
674 628 741 711 περί
765 629 926 712 κωμῳδίας
946 627 1001 708 τὴν
1014 625 1091 702 λέξιν
1106 629 1222 709 ἀγνοεῖν

78 763 85 778 =
148 754 222 816 φησι
242 732 451 816 Λυκόφρονα·
474 734 614 817 τῶνγὰρ
636 737 754 817 φιαλῶν
775 733 801 797 οἱ
825 735 955 818 ὀμφαλοὶ
977 733 1105 795 καὶτῶν
1124 737 1220 812 βαλα-

148 837 232 899 νείων
263 836 289 900 ολ
324 837 414 902 θόλοι
447 839 625 923 παρόμοιοι·
660 839 702 912 είς
734 837 767 900 δέ
799 841 835 902 τὸ
864 834 942 912 εἶδος
971 841 1024 902 οὐκ
1051 839 1222 921 ἀρρύθμως

142 942 313 1018 παίζονται.
352 940 464 1006 Ἀπίων
490 943 524 1006 δέ
546 945 596 1006 καί
620 943 779 1026 Διόδωρός
800 967 890 1029 φησι·
921 945 1028 1029 φιάλαι
1050 945 1150 1020 ποιαί,
1179 937 1222 1006 ὧν

141 1048 159 1109 δ
181 1049 321 1131 ὀμφαλὸς
342 1049 550 1130 παραπλήσιος
567 1050 674 1135 ἠθμῷ.
705 1047 741 1113 ‘0
757 1049 790 1112 δι’
804 1051 986 1131 Μυρλεανός
1002 1047 1222 1132 Ἀσκληπιάδης

142 1150 175 1214 ἐν
196 1160 262 1226 τοῖς
285 1154 353 1236 περὶ
375 1155 549 1237 Κρατίνου·
576 1154 835 1238 βαλανειόμφαλοι
864 1155 1009 1239 λδχονται,
1038 1155 1085 1216 ὅτι
1115 1153 1142 1217 οἳ
1164 1156 1221 1235 ὀμ-

142 1260 234 1342 φαλοὶ
263 1261 365 1322 αὐτῶν
393 1261 443 1321 καί
472 1268 534 1321 τῶν
555 1259 724 1339 βαλανείων
746 1258 773 1322 οἳ
795 1259 885 1322 θόλοι
907 1261 1008 1340 ὅμοιοί
1027 1261 1110 1323 εἶσιν.
1153 1263 1220 1322 Καὶ

141 1364 281 1444 Δίδυμος
314 1362 347 1426 δι’
380 1365 418 1428 τὰ
448 1366 527 1427 αὐτὰ
561 1365 653 1428 είπὼν
685 1366 891 1449 παρατίθεται
922 1366 988 1448 (τὰ)
1017 1365 1222 1450 Λυκόφρονος

142 1470 241 1543 οὕτως
274 1468 396 1550 ἔχοντα·
430 1470 490 1532 ὀπό
523 1479 585 1532 τῶν
617 1471 764 1553 ὀμφαλῶν
795 1480 857 1532 τῶν
886 1470 918 1532 έν
945 1478 1013 1543 ταῖς
1040 1471 1222 1552 γυναικείαις

140 1573 272 1651 πυέλοις,
295 1576 371 1638 ὅθεν
393 1582 455 1649 τοῖς
476 1577 616 1659 σκαφίοις
633 1577 787 1657 άρδσυσιν.
822 1577 978 1658 Τίμαρχος
993 1572 1025 1638 δ’
1041 1575 1072 1636 ἐν
1086 1575 1222 1660 τετάρτῳ

142 1681 212 1760 περὶ
235 1690 290 1743 τοῦ
311 1678 551 1763 Ἐρατοσθένους
567 1678 697 1764 Ἑρμοῦ·
721 1679 896 1759 πεπαῖχθαί
910 1702 956 1753 τις
973 1675 1012 1740 δν
1024 1680 1151 1762 οίηθιίη
1166 1682 1221 1762 τὴν

144 1784 231 1864 λέξιν,
266 1786 343 1848 δίότι
375 1787 414 1847 τὰ
442 1791 567 1848 πλεῖστα
596 1796 657 1848 τῶν
689 1783 836 1867 Ἀθήνησι
866 1784 1035 1863 βαλανείων
1063 1787 1221 1867 κυκλοειδῆ

145 1899 211 1965 ταῖς
240 1899 441 1965 κατασκευαῖς
468 1891 541 1954 ὄντα
570 1894 641 1965 τοὺς
670 1891 833 1974 ε’ξαγωγοδς
862 1887 921 1970 ἕχει
949 1890 1027 1953 κατὰ
1048 1888 1149 1969 μέσον,
1172 1889 1220 1974 ἐφ’

145 1989 181 2058 οὗ
198 2001 333 2078 χαλκοῦς
354 1998 492 2081 ὀμφαλδς
514 1993 641 2059 ἔπεστιν.

231 2104 302 2164 Hes.
319 2103 473 2186 βαλανείι)
492 2103 659 2186 ομφάλους·
683 2102 762 2164 οδτω
777 2103 932 2184 Κρατῖνος
945 2100 1083 2180 ὠνόμασε
1098 2101 1224 2184 (φιάλας

141 2207 212 2270 αδδ
235 2209 392 2291 Schmidt.)
419 2209 475 2281 τὰς
504 2208 629 2289 ε’χοάσας
656 2209 812 2291 ὀμφαλοδς
834 2197 903 2269 άνευ
924 2204 1103 2288 προσώπων,
1125 2206 1222 2268 ὁποῖοι
1284 2267 1291 2274 ,

144 2311 173 2376 οἳ
194 2312 285 2376 θόλοι
308 2313 340 2374 έν
361 2321 424 2386 τοῖς
445 2313 624 2392 βαλανείοις.
664 2312 707 2377 Οί
725 2311 758 2376 δι’
780 2314 840 2395 (vel
861 2310 894 2394 ἢ)
916 2313 975 2374 ὀπό
997 2320 1059 2373 τῶν
1076 2312 1223 2394 ὀμφαλῶν

137 2407 207 2481 Ιτῶν
237 2416 268 2480 ἐν
296 2427 360 2492 τοῖς
390 2420 459 2502 (leg.
482 2420 563 2502 ταῖς)
591 2417 710 2492 πυέλοις
739 2419 842 2502 (Mein.
865 2419 970 2491 ὁποίας
999 2415 1027 2478 ολ
1054 2416 1144 2478 θόλοι
1174 2414 1221 2478 ἐπὶ

144 2533 208 2587 τῶν
230 2526 404 2608 ὀφθαλμῶν
426 2533 488 2586 τῶν
509 2524 540 2586 ἐν
562 2533 625 2598 τοῖς
646 2522 765 2596 πυέλοις
793 2522 824 2585 ὲν
852 2532 916 2596 τοῖς
939 2522 1111 2602 βαλανείοις
1131 2521 1221 2604 ασελ),

145 2632 189 2694 Of.
214 2632 248 2692 Β.
271 2634 328 2691 An.
353 2637 425 2704 225,
443 2640 470 2694 6.
507 2630 588 2692 Suid.
611 2651 680 2692 αν.
715 2630 789 2690 Poll.
810 2630 856 2690 VI
879 2636 930 2696 98.
966 2631 1048 2688 Euat.
1074 2633 1220 2701 1261,22

144 2737 330 2799 Athenaeum
353 2739 512 2817 exscripsit.
550 2737 637 2814 Frag.
659 2754 731 2796 com.
756 2740 849 2799 1149
873 2734 971 2813 Bergk
992 2753 1093 2793 comm.
1117 2754 1147 2812 p.
1171 2738 1221 2796 64.

144 2841 287 2905 Sohmidt.
309 2841 378 2902 Did.
405 2847 454 2904 42.
493 2842 600 2902 Bernh.
623 2841 696 2920 frag.
719 2839 870 2900 XXXVI.

231 3057 290 3116 26.
328 3055 367 3115 L.
390 3055 445 3116 Er.
489 3052 708 3131 Athen.VIp.
736 3047 958 3136 139υ114οι.
982 3085 1024 3096 -
1052 3046 1219 3127 Πολέμων·

145 3157 222 3240 πρός
240 3156 274 3217 ὃν
292 3153 453 3238 ἀντιλέγων
469 3155 605 3234 Δίδυμος
626 3154 642 3215 δ
664 3155 931 3238 γραμματικός-
945 3153 1111 3237 διαρρήδην
1129 3153 1222 3235 λέγων

140 3261 244 3342 μάζας
266 3261 298 3324 ίν
312 3270 380 3335 ταῖς
395 3261 495 3323 κοπίσι
510 3260 802 3343 παρατίθεσθαι-
822 3270 911 3321 τοῦτο
924 3261 982 3342 γὰρ
995 3257 1027 3321 αί
1048 3258 1222 3341 βάρακες

145 3369 296 3450 δηλοῦσιν,
319 3368 384 3447 οάχί
412 3368 560 3448 τολάπας,
591 3365 632 3439 ὣς
653 3389 726 3450 φησι
749 3363 939 3448 Λυκόφρων,
962 3364 981 3445 ἢ
1003 3365 1042 3427 τὰ
1063 3363 1221 3447 προφυρά-

17 3493 19 3504 ·
142 3497 229 3554 ματα
251 3481 313 3535 τῶν
333 3473 447 3553 μαζῶν,
471 3473 513 3546 ὡς
534 3469 757 3555 ’Ἐρατοσθένης
778 3495 806 3536 κ.
819 3493 847 3532 τ.
859 3474 886 3532 λ.

233 3581 302 3640 Hes.
325 3577 475 3661 βάρακες·
506 3578 544 3638 τὰ
566 3576 792 3660 προφυράματα
816 3585 869 3656 τῆς
888 3575 995 3656 μάζης.
1036 3571 1166 3636 Ἀττικοί
1189 3572 1222 3636 δέ

144 3685 293 3769 βήρηκας.
339 3684 437 3764 Δηλοῖ
457 3682 490 3745 δι’
512 3684 562 3744 καί
584 3683 639 3763 τὴν
660 3683 800 3762 τολύπην.

234 3791 308 3852 lbid.
333 3790 456 3870 τολόπη.
503 3791 551 3852 Τὰ
573 3787 799 3873 προφυράματα
821 3794 881 3846 τῶν
901 3784 1014 3864 μαζῶν,
1046 3784 1065 3846 ἃ
1091 3785 1140 3845 καί
1163 3785 1222 3866 βή-

147 3919 241 3981 ρηκας
262 3900 413 3962 καλοῦσιν.

234 4005 278 4066 Cf.
302 4002 373 4064 ibid.
397 4023 420 4066 s.
443 4023 470 4062 v.
493 3999 653 4081 βάρ[β]οι“ς“.
690 3999 764 4058 Poll.
788 3997 833 4058 VI
857 4005 905 4059 77.
943 3999 992 4058 Et.
1015 3998 1056 4057 M.
1084 4001 1153 4070 188,
1170 4002 1220 4062 ³9.

145 4113 225 4173 Num
240 4109 322 4168 Eunt
344 4115 432 4182 1414,
446 4114 485 4170 30
508 4125 560 4166 sue
574 4107 725 4166 Athenaeo
748 4125 786 4164 an
809 4105 948 4165 Atticietie
970 4100 1075 4164 debeat
1089 4100 1222 4164 dubitare
