2984 4740
653 217 847 282 ..8-

212 387 314 448 drinae
342 390 383 447 ita
403 387 506 446 litteris
533 407 649 468 operam
672 385 795 461 dedisse,
825 396 858 446 ut
883 397 912 444 et
933 388 963 446 in
985 386 1072 447 rebus
1093 391 1287 466 grammaticis

213 494 368 571 diligenter
388 501 572 552 uersarentur
594 501 623 551 st
648 495 705 573 ipsi
733 495 861 552 carmina
881 492 1017 550 facerent.
1061 493 1094 553 Si
1115 495 1204 571 igitur
1225 496 1287 554 iure

213 600 415 679 Euphronium
438 597 505 658 huie
525 600 613 657 aetati
631 597 786 670 reddimus,
808 599 913 656 mirum
934 615 1005 656 sane
1026 609 1109 672 esset,
1133 601 1158 658 si
1181 599 1229 659 ille
1248 599 1286 659 ab

213 706 268 764 hac
290 701 498 764 consuetudine
520 705 690 763 recessisset.
735 704 776 760 Et
793 702 945 782 amplexus
963 712 1006 761 est
1026 712 1181 783 utrumqne
1195 722 1287 781 genus

212 809 381 870 studiorum.
426 809 532 867 Exstat
552 807 631 888 apud
652 807 823 868 Strabonem
846 811 918 869 VIII
942 813 1001 870 382
1031 806 1108 868 ὁτὰ
1129 807 1286 891 Πριιίιιιια

212 914 339 993 ποιήσας
354 911 533 996 Εὐφρόνιος,
556 915 606 992 qui
628 933 693 972 eum
714 921 815 993 aperte
836 931 894 970 non
917 910 1049 973 diuersus
1065 917 1104 974 sit
1118 914 1156 974 ab
1170 916 1286 996 Eupho-

212 1023 295 1079 rione
324 1020 528 1080 Chersonesita
557 1021 740 1098 priapeornm
768 1026 854 1096 poeta
881 1017 919 1076 ab
948 1019 1164 1100 Hephaestione
1193 1042 1221 1100 p.
1247 1028 1285 1084 64

214 1125 349 1206 (Gaiam)
360 1123 487 1196 landate,
500 1123 664 1183 Meinekius
679 1122 729 1204 (ad
740 1122 870 1202 Euphor.
883 1144 912 1202 p.
924 1129 954 1186 5.
970 1124 1055 1183 Anal.
1067 1125 1154 1187 Alex.
1170 1147 1198 1205 p.
1211 1125 1286 1207 345)

213 1230 348 1290 Straboni
376 1249 484 1289 nornen
505 1229 701 1309 Euphorionis
728 1226 937 1287 restituendum
965 1249 1027 1289 esse
1053 1229 1205 1305 indicavit3
1236 1233 1288 1309 qui

213 1334 330 1416 quidem
361 1355 425 1394 eum
455 1354 554 1394 omnes
581 1333 732 1393 Strabonis
761 1332 873 1392 codices
907 1335 937 1393 in
966 1335 1090 1394 lectione
1119 1334 1288 1416 Εὐφρόνιος

212 1444 394 1500 consentiant
427 1459 550 1519 cumque
581 1439 732 1520 Euphorin
766 1438 969 1499 Chersonesitn
1000 1443 1168 1521 ceteroquin
1201 1441 1288 1521 plane

214 1550 328 1624 ignotus
350 1549 396 1620 sit,
419 1548 482 1626 ipse
504 1545 578 1604 hanc
593 1541 822 1602 emendationem
837 1547 867 1604 in
883 1543 1003 1604 dubium
1017 1549 1134 1605 uocauit
1149 1544 1285 1627 (addend.

213 1674 242 1731 p.
256 1651 340 1734 406).
374 1651 437 1710 Iam
460 1670 530 1710 uero
553 1652 637 1710 tertIo
657 1647 770 1707 saeculo
786 1649 988 1728 Euphronium
1003 1651 1130 1732 aliquem
1144 1655 1288 1712 exstitisse

213 1755 297 1815 docet
318 1755 407 1815 schol.
429 1756 526 1836 Heph.
549 1777 578 1834 p.
593 1762 630 1818 57
655 1746 696 1824 εἷς
719 1749 761 1811 lh
782 1762 836 1832 τῆς
850 1753 1018 1840 ΙΠιιάύσς]
1032 1748 1229 1838 -Ὅμηρος,
1244 1791 1288 1804 -

214 1860 265 1920 καὶ
281 1860 445 1934 Σωσίθεος,
462 1861 512 1920 καί
525 1857 714 1939 Λυκόφρων,
730 1859 781 1917 καὶ
801 1855 1001 1941 Ἀλέξανδρος,
1025 1862 1074 1921 καὶ
1087 1860 1287 1940 Λίιιντιιίύης,

214 1966 263 2025 καί
280 1965 470 2048 Σωσιφάνης,
488 1965 538 2025 καί
559 1963 710 2035 Φιλίσκος.
748 1965 808 2026 Ubi
825 1963 907 2024 addit
924 1964 987 2025 cod.
1003 1965 1033 2025 S.
1054 1963 1130 2036 τινὲς
1150 1966 1215 2024 ἀντὶ
1235 1974 1289 2026 τοῦ

213 2068 405 2131 Αἰαντιιίύου
426 2071 476 2130 καὶ
492 2069 688 2150 Σιιισιφάνοις
706 2067 910 2150 Διονυσιάύην
930 2071 980 2130 καί
1001 2070 1030 2130 Ε
1036 2069 1228 2153 ὐφρόνιον
1250 2077 1288 2153 τῇ

214 2174 346 2236 Πλειάύι
367 2174 629 2256 arvennorum),
664 2176 762 2253 Atque
783 2195 822 2236 ns
842 2175 957 2235 dubites
971 2177 1069 2236 confer·
1082 2177 1171 2235 schol.
1189 2175 1286 2256 Heph.

213 2305 242 2362 p.
258 2291 295 2344 tl
313 2281 484 2362 Πριιίιιειον
497 2279 530 2341 de*
545 2280 671 2359 ἐκλήθη,
688 2279 788 2359 ἐπειδὴ
804 2279 965 2362 Εὐφορίων
979 2281 995 2341 ὁ
1010 2281 1288 2363 γραμματικὸς

215 2386 260 2446 ἐπί
288 2396 348 2447 τῶν
370 2387 573 2466 Πτολεμαίων
602 2383 632 2446 ἓν
657 2382 903 2472 Ἀλιξιινύρ(ιί)ρ
933 2383 1063 2468 ἔγραψεν
1085 2386 1127 2458 είς
1146 2386 1289 2467 Πρίαπον

214 2500 304 2552 τοῦτο
318 2492 353 2552 τὸ
363 2491 483 2573 μέτρον.
496 2531 535 2540 -
548 2489 657 2553 Ἰστίον
670 2489 703 2551 de*
718 2490 764 2550 ὅτι
779 2491 888 2551 τούτου
902 2501 956 2552 τοῦ
970 2490 1160 2574 Εὐφορίωνος
1173 2489 1289 2572 γέγονεν

214 2597 363 2677 ἀκροατὴς
385 2595 646 2680 Ἀρίσταρχος
667 2595 683 2656 ὁ
705 2595 922 2678 γραμματικός,
940 2600 975 2657 οὐ
991 2596 1084 2676 μόνον
1109 2594 1287 2676 Ἀριστο-

214 2701 339 2785 φάνης
354 2702 370 2762 ὃ
388 2702 606 2778 Βυζάντιος
621 2704 742 2784 (Bergk,
758 2712 812 2763 τοῦ
823 2711 876 2763 τοῦ
886 2701 1054 2777 Βυζαντίου
1063 2702 1139 2775 cod„
1151 2699 1287 2784 Ἀριστο-

215 2807 328 2890 φάνους
360 2817 414 2869 τοῦ
447 2808 616 2883 Βυζαντίου
644 2807 803 2889 westph).
853 2809 916 2867 Iam
946 2817 1049 2888 reputa
1070 2809 1288 2888 Euphorionem

217 2915 448 2974 Chersonesitam
477 2915 563 2993 plane
590 2917 720 2990 ignotum
750 2933 820 2985 esse,
850 2913 1051 2993 Euphroninm
1081 2917 1158 2973 inter·
1184 2912 1290 2993 phadis

215 3027 345 3078 auctores
377 3028 525 3098 receptum
556 3020 660 3093 fniss03
696 3027 792 3078 aetate
823 3011 1052 3079 Ptolemaeorum
1086 3018 1289 3100 Euphronium

215 3121 361 3202 quendam
387 3125 449 3182 siue
471 3123 688 3202 Euphorionem
714 3127 834 3205 priapsa
862 3127 1017 3204 scripsisse,
1048 3123 1172 3184 eundern
1194 3145 1287 3202 gram-

215 3231 350 3288 maticum
385 3239 413 3287 et
445 3227 649 3307 Aristophanis
681 3230 899 3309 Aristarchique
931 3232 1098 3308 magistrpm
1131 3231 1287 3311 appellari:

214 3355 311 3394 nonne
333 3354 378 3393 res
400 3354 493 3414 paene
514 3343 591 3393 certa
613 3353 676 3393 esse
697 3334 835 3395 uidetur?

301 3439 400 3519 Atque
422 3442 506 3499 etiam
530 3458 606 3518 quae
627 3439 664 3498 de
683 3441 768 3500 huius
784 3442 1003 3502 Chersonesitae
1018 3450 1112 3500 aetate
1122 3440 1287 3500 Meinehius

216 3543 315 3624 (Anah
336 3566 364 3624 p.
382 3544 457 3624 345)
481 3565 517 3603 ox
539 3545 672 3604 uersibus
690 3549 810 3605 seruatis
833 3546 1003 3620 enucleauit‚
1025 3545 1063 3604 ed
1083 3546 1285 3626 Euphronium

214 3650 340 3729 perbene
361 3648 513 3729 quadrant,
537 3648 679 3729 siquidem
702 3671 768 3710 eum
790 3654 865 3710 cirea
886 3654 999 3711 initium
1022 3654 1102 3729 regni
1127 3651 1286 3710 Ptolemaei

214 3754 408 3834 Philopatoris
430 3754 489 3836 (01.
500 3754 594 3836 CXL)
614 3756 702 3814 fuisse
718 3758 846 3815 coniecit.
881 3755 965 3832 Quae
979 3767 1074 3817 autem
1091 3755 1286 3816 Chersonesus

299 3997 321 4062 ⁶)
338 3999 415 4052 Unde
432 4000 562 4066 Bergkius
581 4002 695 4050 coniecit
712 4001 792 4050 schol.
814 4001 899 4066 Heph.
918 4019 943 4067 p.
963 4003 995 4054 58
1013 4017 1060 4066 pro
1079 4004 1185 4052 nomine
1198 4006 1286 4052 Alav-

213 4082 308 4152 ιιιίύης
326 4089 354 4136 in
372 4089 404 4138 E.
416 4088 441 4136 S.
462 4090 559 4137 omisso
579 4083 738 4157 Εὐφρόνιος
755 4090 943 4140 restituendum
963 4106 1027 4140 esse.
