2984 4740
659 689 809 792 Vita.

283 944 375 1003 Natus
403 962 467 1002 sum
497 942 617 1004 Carolus
649 942 785 1004 Streelrer
815 943 910 1004 Osroli
932 945 951 1003 f.
975 941 1068 1025 pridie
1089 943 1166 1004 Non.
1189 943 1268 1025 Sept

197 1069 223 1107 a.
253 1052 327 1120 1861
362 1047 525 1108 Fritzoviae
546 1051 577 1108 in
599 1051 663 1109 uieo
682 1049 919 1109 Pomeranorum.
956 1049 1073 1108 Patrem
1093 1068 1152 1108 non
1174 1051 1269 1110 minus

196 1174 282 1234 quam
310 1163 429 1213 matrem
458 1153 631 1214 Mathildam
660 1175 677 1214 e
701 1164 788 1233 gente
814 1154 1018 1215 Lemekiorum
1047 1153 1143 1214 adhue
1169 1174 1267 1236 super·

196 1264 276 1320 stites
291 1279 354 1320 esse
374 1258 462 1319 ualde
477 1259 576 1319 laetor.
600 1260 704 1320 Fidem
725 1261 861 1341 profiteor
876 1260 1079 1338 evangelicam.
1109 1262 1267 1342 Postquam

195 1364 295 1443 primis
328 1361 487 1424 litterarum
523 1365 672 1425 elementis
705 1385 723 1423 a
751 1375 833 1446 patre
864 1367 1009 1426 carissimo
1038 1363 1165 1425 imbutus
1193 1384 1266 1437 sum,

194 1489 220 1527 a.
260 1473 337 1530 1875
376 1478 509 1549 receptus
544 1490 608 1530 sum
642 1473 717 1530 inter
748 1473 825 1532 cives
857 1472 1001 1550 gymnasii
1048 1470 1267 1548 Bugenhagiani

194 1574 420 1653 'Preptoviensia
444 1574 522 1656 quod
551 1583 613 1634 111111
634 1577 669 1635 R.
693 1576 906 1640 Bouterweekii
928 1578 1120 1658 praeceptoris
1144 1577 1268 1634 maxime

195 1679 265 1738 mihi
293 1680 452 1741 uenerandi
480 1683 614 1762 auspiciis
641 1681 770 1748 florebat.
822 1684 999 1743 Maturitatis
1026 1680 1190 1741 testimonio
1225 1681 1267 1738 in·

194 1793 317 1845 structus
339 1805 404 1846 eum
425 1786 650 1864 Argentoratum
671 1808 718 1847 me
739 1788 937 1862 eontulissem,
966 1785 1060 1847 ordini
1081 1784 1266 1846 iuridieorum

193 1889 355 1971 adscriptus
383 1912 463 1966 sum,
493 1892 579 1952 simul
608 1895 719 1973 patriae
747 1892 846 1960 debita
876 1893 1020 1975 stipendia
1049 1893 1111 1954 feei.
1154 1892 1266 1949 Exacto

193 2004 323 2076 tempore
344 1996 462 2057 militiae
483 2019 547 2058 eum
570 2000 601 2058 in
626 1997 756 2058 ordinem
777 1998 989 2080 philologorum
1018 1998 1193 2058 transiissem
1215 2015 1267 2075 per

194 2099 251 2160 duo
273 2105 421 2162 semestris
442 2103 542 2164 audiui
562 2105 729 2178 Martinum,
748 2104 968 2179 Michaelisium,
985 2106 1149 2174 Nissenum,
1167 2099 1266 2160 Schel-

193 2206 279 2281 lium,
308 2208 501 2283 Schefferum,
530 2208 781 2270 Studemundium.
826 2211 863 2276 A.
899 2217 973 2275 1881
1006 2208 1173 2269 Berolinum
1201 2226 1265 2286 pro-

192 2313 283 2373 iectus
304 2314 410 2374 scholis
431 2315 547 2374 interlui
570 2315 676 2389 Curtii,
698 2316 885 2390 Kirehhoffii,
909 2313 1112 2392 Oldenbergii‚
1136 2311 1264 2385 Roberti,

192 2418 696 2496 81111111,111Τ111111111,1711111111.
739 2423 775 2480 A.
796 2428 874 2486 1882
888 2419 1155 2503 Gryphiswaldiam
1174 2425 1265 2476 trans-

194 2526 332 2602 migrem,
363 2524 413 2584 ubi
443 2546 489 2585 me
518 2524 679 2586 docuerunt
702 2527 825 2602 Kaibel,
853 2527 1021 2604 Kiessling,
1050 2521 1264 2597 Reifferscheid,

193 2629 338 2710 Sehuppe,
361 2629 514 2705 Susemihl,
540 2637 626 2709 Vogt,
650 2631 687 2690 de
707 2630 1108 2704 Wilamovita·M0ellendori,
1130 2630 1264 2688 Zimmer.

192 2734 342 2814 Kiessling
387 2745 416 2796 et
464 2736 649 2796 Wilsmovitz
694 2758 740 2797 me
787 2746 958 2819 receperunt
1004 2739 1035 2795 in
1081 2736 1265 2794 seminarium

192 2839 410 2919 plrilologieum,
432 2842 524 2901 euius
556 2841 662 2902 sodalis
695 2864 747 2923 per
778 2846 833 2903 tria
866 2844 1016 2902 semestris
1047 2842 1104 2911 fui,
1136 2859 1189 2921 per
1214 2859 1265 2898 sex

192 2965 304 3005 menses
332 2949 436 3007 senior.
480 2949 584 3027 Neque
617 2968 677 3007 non
712 2947 916 3008 Reifferscheid
949 2947 1018 3007 milri
1052 2947 1197 3028 permisit,
1234 2953 1267 3003 ut

190 3054 334 3112 seminarii
370 3052 501 3112 theotisei
534 3073 587 3134 per
622 3056 678 3112 tris
712 3057 860 3119 semestria
889 3053 996 3113 sodalis
1022 3072 1122 3112 essem.
1174 3051 1265 3108 Exer—

190 3159 374 3218 citationibus
412 3177 462 3246 me.
494 3157 690 3219 adhibuerunt
724 3159 838 3234 Sehsll,
875 3158 1073 3233 Studemund,
1110 3155 1263 3228 Susemihl‚

189 3265 314 3337 Vahlen,
338 3266 425 3342 Vogt,
450 3265 584 3326 Zimmer.

276 3369 391 3450 Quibus
423 3373 493 3431 uiris
525 3371 673 3443 omnibus,
710 3374 842 3452 inprimis
881 3369 1034 3442 Kaibelio,
1074 3367 1262 3446 Kiesslingio,

190 3475 440 3552 Reifferscheidie,
474 3477 510 3536 de
540 3477 762 3550 Wilamovitzio,
795 3479 844 3556 qui
878 3496 1027 3555 nunquam
1060 3494 1118 3533 non
1136 3494 1264 3546 ‚summa

191 3581 391 3642 benevolentia
416 3604 463 3642 me
489 3582 616 3664 amplexi
646 3590 728 3653 sunt,
761 3583 868 3658 gratias
898 3601 1011 3660 semper
1041 3578 1154 3638 habebo
1177 3598 1263 3657 quam

191 3707 336 3747 maximas.

572 3944 877 3954 ...-...-——-—--
