2984 4740
654 260 847 322 ..6-

216 429 309 490 solum
338 429 561 488 Eratosthenem
590 439 778 508 propagatam
807 449 878 488 esse.
922 431 984 488 Imo
1015 448 1083 488 uero
1113 447 1178 488 curn
1207 428 1289 488 dubi·

218 539 273 594 tari
295 556 353 595 non
374 537 465 614 possit
487 537 558 614 quin
580 555 597 592 a
619 534 716 594 multis
736 535 801 594 aliis
822 534 928 593 lectum
949 537 995 609 sit,
1021 552 1073 592 cur
1093 533 1130 592 ab
1152 535 1215 612 ipso
1238 533 1290 592 Di·

218 639 306 718 dymo
334 639 496 699 adhibitum
519 659 581 699 esse
603 659 741 716 negemus
764 639 812 721 (cf.
835 638 935 700 Nabar
956 638 1028 718 prol.
1052 661 1080 718 p.
1110 638 1183 719 13)?
1227 640 1290 698 Iam

219 746 317 806 confer
338 747 409 822 frag.
434 751 470 808 25

219 856 441 940 Ἐρατοσθένης
475 895 519 907 —-
554 859 609 938 τὴν.
644 855 721 930 λίξιν
789 857 925 936 Δίδυμος
953 856 986 918 δὲ
1019 857 1058 918 τὰ
1091 857 1178 917 αὐτὰ
1200 857 1292 918 εἰπὼν

219 967 334 1047 ἀγνοεῖν
349 987 422 1044 φησι
437 963 639 1046 Λυκόφρονα·
661 973 722 1025 τῶν
789 964 994 1044 παρατίθεται
1026 963 1091 1045 (τὰ)
1119 961 1290 1045 Λυκόφρο-

218 1072 276 1153 γὰρ
298 1093 326 1135 κ.
342 1093 369 1130 τ.
386 1074 414 1134 l.
790 1091 839 1140 νος
860 1068 958 1140 οὕτως
978 1066 1092 1148 dyona.

220 1203 382 1281 Didymum
408 1202 609 1280 Lycophronis
639 1201 729 1260 uerba
759 1221 796 1260 ex
830 1201 1023 1260 Eratosthene
1055 1200 1183 1258 hausisse
1212 1200 1291 1261 nullo

222 1307 308 1367 modo
338 1304 470 1367 concludi
499 1310 608 1386 potest3
637 1307 758 1366 uerbum
787 1316 883 1366 autem
913 1305 1119 1386 παρατίθεται
1142 1305 1293 1364 ostendere

221 1412 338 1473 uidetur
359 1411 520 1490 Didymum
541 1413 742 1493 Lycophronis
771 1411 991 1491 explicationem
1020 1431 1080 1469 non
1107 1411 1293 1470 Eratostheni

221 1518 363 1590 debuisse,
395 1516 446 1576 sed
476 1537 513 1576 ex
543 1520 605 1597 ipso
629 1517 830 1597 Lycophronis
858 1516 933 1575 libro
964 1517 1136 1576 exhibuisse.
1181 1516 1292 1575 Eadem

221 1644 266 1683 ras
297 1625 391 1682 estin
412 1623 482 1700 frag.
513 1629 579 1685 134.
606 1621 707 1699 Quid?
746 1625 825 1684 Uera
846 1622 1048 1701 Lycophronis
1070 1621 1199 1680 doctrina
1220 1623 1291 1700 frag.

223 1735 261 1791 85
292 1749 361 1786 num
392 1728 590 1788 Eratosthenis
619 1725 830 1808 impugnationi
860 1725 1003 1786 debetur?
1047 1726 1130 1802 Quae
1161 1747 1225 1786 cum
1254 1730 1293 1786 ita

222 1837 280 1894 sint
301 1855 359 1904 non
382 1843 425 1892 est
445 1853 496 1891 cur
517 1853 582 1892 cum
605 1832 766 1894 Gerhardio
789 1835 874 1892 nimis
895 1833 1015 1892 honeste
1037 1832 1073 1891 de
1091 1833 1294 1910 Lycophronis

222 1941 330 1998 meritis
353 1938 519 2010 iudicemus,
543 1942 593 2018 qui
615 1959 680 1998 cum
702 1959 871 2019 persuasum
893 1938 999 1997 habeat
1020 1959 1054 1997 ea
1073 1946 1185 1995 tantum
1200 1938 1294 2015 Lyco-

153 2113 157 2118 .
222 2045 342 2124 phronis
369 2045 529 2120 fragmenta
557 2053 672 2103 seruata
701 2065 778 2116 esse,
811 2047 841 2103 in
864 2043 969 2123 quibus
991 2063 1123 2102 seuerum
1146 2063 1294 2121 oppugna-

222 2160 314 2208 torem
346 2158 446 2208 nactus
478 2153 515 2208 sit
544 2151 781 2222 Eratosthenem,
820 2149 1045 2228 Aristophanem
1077 2150 1294 2224 grammaticum

222 2255 314 2313 multa
335 2254 419 2313 docte
441 2263 470 2313 et
493 2255 624 2315 sollerter
645 2258 806 2334 excogitata
828 2257 895 2313 huic
917 2256 1027 2312 auctori
1049 2252 1182 2334 debuisse
1202 2261 1293 2332 putat.

224 2360 332 2420 Contra
361 2380 477 2440 prorsus
506 2381 571 2419 cum
596 2361 714 2421 Nabero
743 2383 772 2440 p.
798 2367 836 2422 65
865 2361 938 2418 facio
968 2368 1032 2438 post
1062 2357 1152 2417 editos
1174 2357 1295 2436 Didymi

224 2468 442 2525 commentarios
463 2469 515 2524 uix
530 2483 704 2546 quemquam
719 2467 921 2546 Lycophronis
936 2485 1009 2544 opus
1024 2464 1127 2541 legisse
1142 2473 1294 2536 statuente,

223 2593 291 2630 nam
320 2570 476 2650 disputatio
506 2571 542 2630 de
571 2572 725 2650 prouerbio
751 2568 842 2652 Ἀρχὴ
869 2569 984 2648 Σαυρία
1014 2569 1110 2650 (Eust.
1138 2575 1206 2640 782,
1233 2568 1296 2649 52),

224 2697 282 2756 qua
310 2680 389 2735 nisus
418 2675 640 2736 Rindfleischius
671 2677 720 2758 (de
746 2679 869 2736 Pausan.
900 2686 929 2735 et
951 2675 1016 2736 Ael.
1042 2675 1166 2753 Dionys.
1197 2675 1297 2732 lexicis

225 2785 330 2844 rhetor.
364 2805 392 2862 p.
428 2781 479 2864 18)
509 2779 699 2841 Schmidtium
730 2782 811 2863 (Did.
843 2805 871 2862 p.
898 2781 951 2862 54)
982 2789 1096 2840 secutus
1124 2781 1297 2838 Pausaniam

225 2889 427 2969 Lycophronis
456 2908 529 2968 opus
556 2888 661 2964 legisse
690 2886 851 2962 contendit,
882 2887 920 2945 ad
947 2885 1144 2945 Alexandrum
1174 2887 1299 2965 pertinet

225 3017 252 3054 τ.
281 2999 358 3057 1322
388 3014 448 3073 seq.
481 2992 529 3073 (cf.
560 2993 648 3052 schol.
678 3003 734 3051 vet.
766 3013 791 3051 v.
830 2991 930 3074 1326).
975 2991 1172 3070 Porphyrium
1202 2998 1296 3048 autem

154 3093 161 3097 ’
226 3100 311 3181 (frag.
349 3099 399 3182 12)
436 3101 530 3178 ipsum
563 3098 640 3157 illius
675 3098 748 3157 libro
786 3119 870 3157 usum
905 3117 966 3156 esse
1001 3099 1052 3154 uix
1085 3094 1163 3154 credi
1195 3103 1297 3173 potest.

227 3209 376 3266 Postremo
406 3226 475 3263 num
495 3186 626 3264 Philemo
658 3203 742 3284 (frag.
768 3204 822 3285 36)
846 3223 882 3262 ex
910 3205 971 3282 ipso
994 3201 1196 3280 Lycophronis
1225 3200 1300 3259 libro

226 3332 279 3370 sua
300 3311 428 3369 hauserit
449 3319 609 3389 temporum
632 3313 743 3368 ratione
764 3310 864 3369 habita
884 3306 971 3367 ualde
993 3306 1137 3387 dubit03).

313 3411 402 3474 Haud
431 3417 471 3474 ita
499 3416 622 3474 multum
652 3417 739 3492 igitur
761 3415 891 3474 utilitatis
914 3412 1069 3492 Lycophro
1093 3411 1138 3468 his
1160 3409 1301 3469 studiisa

228 3541 258 3580 se
282 3521 421 3581 incohatis
442 3520 553 3594 attulit3
576 3521 662 3597 longe
684 3541 749 3580 eum
771 3519 858 3580 laude
880 3519 1026 3578 doctrinae
1041 3517 1195 3596 superauit,
1212 3535 1298 3594 quem
1347 3595 1349 3600 ,

228 3628 284 3686 hoc
312 3629 343 3685 in
372 3645 477 3703 genere
506 3629 532 3684 ei
554 3628 723 3686 successisse
744 3635 814 3705 puto
837 3623 1032 3704 Euphronius.
1081 3621 1165 3681 Hunc
1187 3630 1300 3700 praeter

228 3732 431 3812 Aristophanis
446 3731 558 3790 lahulas
570 3732 717 3791 Cratinum
727 3729 812 3810 (frag.
827 3729 907 3810 107),
924 3728 1123 3808 Phrynichum
1140 3725 1224 3807 (frag.
1234 3725 1297 3806 41),

316 3955 336 4018 ί)
358 3960 427 4008 Miro
446 3974 532 4008 errore
550 3957 715 4006 Villoisonus
739 3955 828 4004 anecd.
849 3955 892 4005 Gr.
910 3956 946 4003 11.
968 3955 1014 4003 136
1033 3969 1065 4002 ex
1082 3951 1224 4016 Porphyrii
1243 3968 1300 4001 uer·

230 4050 272 4100 bis
290 4047 428 4111 (Schrader
445 4047 501 4112 tp.
521 4043 581 4107 281)
603 4045 672 4095 hunc
690 4043 870 4093 Philemonem
889 4057 1015 4092 eoaeuum
1034 4039 1182 4090 Alexandro
1203 4041 1300 4104 Magno

228 4138 311 4188 fnisse
329 4137 429 4187 statuit.
465 4135 516 4184 Est-
532 4130 547 4184 ὁ
566 4127 691 4191 Karseis
706 4127 891 4199 Ἀλέξανδρος.
