2984 4740
621 269 835 335 ..11-

187 435 262 513 hag.
289 445 336 508 77,
368 433 448 515 qnod
477 438 610 514 quamuis
638 435 758 511 falsum,
788 458 854 498 cum
882 437 993 518 aliquid
1021 441 1151 500 ueritatis
1180 442 1264 502 inse

190 541 304 613 habeat,
328 541 364 601 de
385 561 437 602 suo
457 561 590 620 promere
611 563 671 602 non
693 528 815 622 poterat.

276 649 353 707 Num
363 649 468 706 notitia
478 667 573 706 rerum
582 648 1262 727 publicarumAtticarumtaminstructusfuerit‚

191 773 278 832 quarn
299 753 371 829 frog.
385 759 435 824 40,
450 758 489 814 64
513 752 666 812 ostendere
682 753 827 827 uidentur,
844 754 910 812 sciri
923 755 1039 832 nequit,
1062 761 1175 833 poterat
1189 753 1264 812 hanc

191 857 348 916 doctrinam
370 875 408 916 ex
430 859 499 937 ipsis
521 856 626 917 fabulis
649 858 806 936 collegisse,
828 857 907 940 quod
925 858 963 917 ab
980 877 1013 918 eo
1029 859 1135 918 iactum
1151 877 1213 918 esse
1226 878 1264 918 ex

188 962 268 1022 falsis
279 961 419 1022 eiusmodi
430 961 671 1042 explicationibus
681 963 763 1022 uelut
773 965 844 1040 frag.
854 967 1043 1037 65‚103,1lc
1056 963 1212 1023 uerisimile
1221 963 1262 1022 fit

274 1067 332 1128 Sed
362 1087 420 1126 non
450 1066 542 1126 solum
572 1087 607 1126 ea
634 1069 812 1148 proferebat,
842 1086 918 1148 qnae
946 1067 984 1126 ad
1006 1068 1168 1128 comoedias
1189 1069 1265 1155 bene

188 1171 400 1250 intellegendas
421 1174 487 1232 usui
507 1181 610 1246 essent,
634 1171 686 1232 sed
708 1176 794 1234 etiam
817 1173 958 1234 derebus
976 1193 1055 1239 mere
1072 1177 1265 1252 grammaticis

188 1279 237 1338 hic
258 1278 318 1338 illic
340 1277 505 1359 disputabat
535 1277 585 1359 (cf.
608 1278 680 1356 frag.
706 1280 770 1361 57),
814 1279 961 1356 Singulari
991 1287 1087 1338 autem
1109 1279 1265 1356 ¹diligentis

189 1383 327 1446 dialectos
346 1385 482 1444 Doricam
505 1393 534 1442 et
554 1386 681 1444 Atticam
703 1403 883 1463 comparasse
904 1383 1020 1444 uidetur
1042 1385 1127 1465 (frag.
1139 1391 1188 1458 31,
1200 1384 1263 1467 67),

182 1485 222 1550 ἰιι
244 1493 335 1571 poetis
350 1491 465 1550 Derieis
486 1492 635 1566 egregium
657 1488 784 1548 studium
806 1487 919 1549 dederit
938 1509 1054 1550 necesse
1069 1492 1115 1550 sit.
1153 1489 1266 1566 Quodsi
1284 1565 1289 1576 Ι

189 1595 354 1656 consideras
382 1594 607 1675 Aristophanem
640 1594 731 1654 lexeis
759 1595 871 1654 Atticas
902 1605 932 1654 et
959 1597 1116 1656 Laconicas
1146 1597 1264 1675 proprio

189 1701 288 1761 libello
317 1703 511 1781 composuisse
543 1699 660 1781 (Nauck
689 1721 718 1780 p.
748 1701 829 1780 181),
852 1703 883 1759 in
912 1710 1048 1781 promptu
1079 1710 1122 1760 est
1151 1704 1265 1781 opinari

189 1807 245 1866 hoc
272 1826 364 1884 genus
392 1805 553 1866 studiorum
581 1826 600 1864 a
625 1807 761 1882 magistro
791 1805 956 1866 incohatum
985 1808 1142 1886 perfectum
1164 1825 1265 1866 essse

189 1914 298 1970 maiore
319 1911 468 1992 discipulo.

276 2017 360 2093 Quae
379 2037 444 2077 cnm
466 2020 507 2076 ita
528 2019 585 2076 sint
606 2037 672 2077 cum
693 2017 891 2097 Euphronius,
915 2037 1090 2098 quamquam
1112 2019 1143 2076 in
1165 2015 1265 2097 pleris-

189 2142 249 2202 que
271 2124 392 2183 mnltum
414 2125 438 2182 si
462 2123 686 2203 Lycophronem
708 2142 856 2202 comparas
878 2124 1007 2203 profecit,
1031 2132 1127 2182 tamen
1149 2125 1179 2181 in
1200 2121 1265 2180 aliis

190 2233 306 2307 egregie
327 2230 425 2310 lapsus
447 2230 499 2301 sit,
527 2229 633 2288 factum
656 2237 714 2300 est,
745 2239 777 2288 ut
798 2247 836 2288 ne
857 2231 883 2288 ei
906 2227 1023 2307 quidem
1045 2227 1142 2287 acerbi
1162 2225 1265 2286 aduer-

189 2333 257 2392 sarii
279 2329 422 2391 deessent.
460 2333 590 2409 Quorum
612 2335 747 2422 princeps
769 2323 812 2392 est
828 2333 1017 2398 Callistratus.
1041 2335 1177 2412 quicum
1201 2351 1264 2412 pcr-

187 2456 276 2516 saepe
297 2456 361 2496 cum
377 2437 548 2518 Euphronio
570 2442 769 2516 coniungatur,
791 2441 862 2518 quin
885 2439 962 2498 illins
984 2435 1092 2498 librnm'
1111 2437 1266 2516 diligenter

190 2541 293 2618 legerit
314 2541 439 2602 dubitari
462 2563 521 2610 non
535 2552 645 2623 potest3
669 2544 719 2604 sed
735 2563 910 2623 quamquam
924 2545 1063 2623 plurimos
1077 2546 1138 2603 eius
1154 2563 1264 2604 errores

191 2649 375 2726 perstrinxit,
407 2657 503 2709 tamen
525 2648 619 2709 lenius
641 2653 672 2708 in
692 2652 860 2726 magistrum
883 2649 1087 2729 Aristophanis
1109 2651 1201 2726 egisse
1221 2650 1265 2706 ui·

191 2751 283 2824 detur,
306 2750 449 2832 siqnidem
470 2774 620 2834 nunquam
643 2764 701 2814 tam
721 2758 849 2831 grauiter
868 2756 898 2813 in
924 2773 989 2814 eum
1005 2753 1161 2827 inuehitur,
1176 2773 1264 2832 qnam

191 2857 400 2918 Eratosthenes
428 2861 458 2917 in
481 2859 720 2939 Lycophronem,
751 2869 784 2919 ut
813 2861 900 2919 etiam
928 2858 1176 2919 autoschediasma
1204 2860 1266 2918 eius

191 2983 275 3023 suurn
304 2962 404 3023 fecerit
430 2962 501 3041 frag.
529 2970 596 3026 102.
641 2964 737 3025 Multo
765 2964 909 3024 difficilior
936 2963 1119 3024 aduersarius
1147 2966 1175 3024 ei
1204 2971 1266 3022 erat

190 3066 336 3146 Didymus
363 3071 440 3148 ipse,
463 3072 609 3130 acerrimis
637 3069 734 3130 uerbis
761 3070 843 3130 uelut
871 3077 960 3130 τοῦτο
987 3067 1043 3147 μὲν
1073 3064 1125 3130 οὖν
1152 3068 1266 3145 ψεῦδος

190 3173 262 3250 frag.
283 3181 333 3238 94.
381 3176 480 3234 Τοῦτο
500 3174 616 3254 μήποτε
639 3170 827 3252 taxeotam
849 3176 921 3253 frug.
947 3182 995 3240 71.
1036 3171 1210 3256 Ἀμάρτυρα
1233 3171 1266 3234 δὲ

191 3276 351 3360 ἀμφότερα
373 3278 444 3358 irag.
462 3285 529 3342 116.
546 3280 599 3340 οὐκ
622 3277 684 3340 ἔστι
707 3278 740 3340 δὲ
762 3283 834 3359 frag.
847 3287 896 3343 65.
916 3281 969 3341 οὐκ
992 3273 1025 3340 εὖ
1047 3282 1119 3356 frag.
1136 3285 1175 3344 84
1199 3299 1265 3338 enm

190 3387 395 3465 perstringens,
411 3404 488 3465 quae
508 3406 527 3444 a
547 3384 677 3465 Didymo
700 3389 761 3466 ipso
784 3387 912 3467 proiecta
932 3405 994 3446 esse
1015 3388 1047 3445 in
1067 3385 1139 3462 frag.
1157 3391 1206 3456 94,
1224 3390 1261 3446 65

190 3510 244 3570 pro
273 3499 350 3550 certo
379 3491 516 3550 affirmari
545 3500 648 3570 potest.
687 3490 750 3551 *Sed
779 3511 817 3552 ne
838 3491 999 3571 Didymum
1026 3488 1144 3571 quidem
1166 3508 1265 3548 omnes

190 3595 355 3675 Euphronii
377 3596 593 3659 obseruationes
614 3597 746 3656 reiecisse
767 3605 888 3677 apparet
910 3617 947 3656 ex
968 3598 1039 3674 frag.
1055 3601 1104 3668 78,
1120 3595 1171 3654 ubi
1186 3593 1265 3674 qnod

191 3699 337 3779 Didymus
359 3703 474 3762 incante
494 3704 649 3782 arripuisse
666 3701 790 3775 uidetur,
812 3722 830 3760 a
845 3702 1028 3781 Symmacho,
1046 3720 1133 3781 quem
1147 3699 1265 3779 quidem

191 3808 323 3867 notitiam
344 3806 509 3886 Euphronii
539 3827 591 3888 per
620 3807 713 3866 solum
735 3806 895 3886 Didymnm
925 3808 1061 3868 habuisse
1090 3804 1265 3866 credendum

192 3920 251 3984 est,
283 3913 324 3970 ita
344 3914 497 3992 respuitur,
521 3922 553 3972 ut
574 3914 763 3992 Euphronius
791 3915 854 3992 ipse
878 3913 967 3972 falsae
988 3911 1135 3971 doctrinae
1156 3920 1263 3983 auctor,

191 4037 251 4076 non
265 4016 410 4095 Didymus
433 4020 587 4096 castigetur
609 4018 754 4100 (Schmidt
767 4017 895 4100 p.-295).
928 4017 956 4076 A
971 4016 1077 4098 quibus
1090 4017 1154 4077 aliis
1171 4036 1264 4094 gram·

191 4125 310 4182 maticis'
340 4123 503 4203 Euphronii
542 4123 616 4183 liber
654 4125 746 4184 lectus
780 4126 817 4182 sit
852 4133 929 4184 certo
968 4122 1119 4183 diiudicari
1155 4124 1264 4202 nequit.
