<?xml version="1.0" encoding="UTF-8"?>
<!DOCTYPE html PUBLIC "-//W3C//DTD XHTML 1.0 Transitional//EN"
    "http://www.w3.org/TR/xhtml1/DTD/xhtml1-transitional.dtd">
<html xmlns="http://www.w3.org/1999/xhtml" xml:lang="en" lang="en">
 <head>
  <title>
</title>
<meta http-equiv="Content-Type" content="text/html;charset=utf-8" />
  <meta name='ocr-system' content='tesseract 3.04.00' />
  <meta name='ocr-capabilities' content='ocr_page ocr_carea ocr_par ocr_line ocrx_word'/>
</head>
<body>
  <div class='ocr_page' id='page_1' title='image "./delycophroneeup01stregoog_0016.png"; bbox 0 0 2984 4740; ppageno 0'>
   <div class='ocr_carea' id='block_1_1' title="bbox 643 231 934 326">
    <p class='ocr_par' dir='ltr' id='par_1_1' title="bbox 643 231 934 326">
     <span class='ocr_line' id='line_1_1' title="bbox 643 231 934 326; baseline 0 -17"><span class='ocrx_word' id='word_1_1' title='bbox 643 231 934 326; x_wconf 65' lang='lat'><strong>„9-¹</strong></span> 
     </span>
    </p>
   </div>
   <div class='ocr_carea' id='block_1_2' title="bbox 200 432 1280 4198">
    <p class='ocr_par' dir='ltr' id='par_1_2' title="bbox 200 432 1280 2514">
     <span class='ocr_line' id='line_1_2' title="bbox 201 432 1276 516; baseline -0.003 -21"><span class='ocrx_word' id='word_1_2' title='bbox 201 438 296 516; x_wconf 83' lang='lat' dir='ltr'><strong>patria</strong></span> <span class='ocrx_word' id='word_1_3' title='bbox 323 433 518 512; x_wconf 85' lang='lat' dir='ltr'><strong>intellegenda</strong></span> <span class='ocrx_word' id='word_1_4' title='bbox 545 437 583 494; x_wconf 92' lang='lat' dir='ltr'><strong>sit</strong></span> <span class='ocrx_word' id='word_1_5' title='bbox 611 453 787 515; x_wconf 78' lang='lat' dir='ltr'><strong>quemquam</strong></span> <span class='ocrx_word' id='word_1_6' title='bbox 816 432 936 492; x_wconf 90' lang='lat' dir='ltr'><strong>dubium</strong></span> <span class='ocrx_word' id='word_1_7' title='bbox 965 442 1023 505; x_wconf 83' lang='lat' dir='ltr'><strong>est,</strong></span> <span class='ocrx_word' id='word_1_8' title='bbox 1058 442 1155 492; x_wconf 78' lang='lat' dir='ltr'><strong>tamcm</strong></span> <span class='ocrx_word' id='word_1_9' title='bbox 1184 434 1276 510; x_wconf 86' lang='lat' dir='ltr'><strong>magis</strong></span> 
     </span>
     <span class='ocr_line' id='line_1_3' title="bbox 204 537 1277 620; baseline -0.003 -20"><span class='ocrx_word' id='word_1_10' title='bbox 204 541 327 620; x_wconf 82' lang='lat' dir='ltr'><strong>probata</strong></span> <span class='ocrx_word' id='word_1_11' title='bbox 347 539 417 599; x_wconf 89' lang='lat' dir='ltr'><strong>mihi</strong></span> <span class='ocrx_word' id='word_1_12' title='bbox 439 548 482 599; x_wconf 89' lang='lat' dir='ltr'><strong>est</strong></span> <span class='ocrx_word' id='word_1_13' title='bbox 500 539 641 599; x_wconf 83' lang='lat' dir='ltr'><strong>Meinekii</strong></span> <span class='ocrx_word' id='word_1_14' title='bbox 663 541 761 618; x_wconf 90' lang='lat' dir='ltr'><strong>opinio</strong></span> <span class='ocrx_word' id='word_1_15' title='bbox 784 537 919 620; x_wconf 58' lang='lat' dir='ltr'><strong>(pe-12)</strong></span> <span class='ocrx_word' id='word_1_16' title='bbox 943 537 1153 599; x_wconf 77' lang='lat' dir='ltr'>Chersonesum</span> <span class='ocrx_word' id='word_1_17' title='bbox 1174 537 1277 597; x_wconf 90' lang='lat' dir='ltr'><strong>urbem</strong></span> 
     </span>
     <span class='ocr_line' id='line_1_4' title="bbox 202 643 1274 726; baseline -0.002 -22"><span class='ocrx_word' id='word_1_18' title='bbox 202 645 281 705; x_wconf 77' lang='lat' dir='ltr'><strong>illam</strong></span> <span class='ocrx_word' id='word_1_19' title='bbox 308 645 517 726; x_wconf 74' lang='lat' dir='ltr'><strong>Aegyptinmm</strong></span> <span class='ocrx_word' id='word_1_20' title='bbox 547 665 617 718; x_wconf 88' lang='lat' dir='ltr'><strong>esse,</strong></span> <span class='ocrx_word' id='word_1_21' title='bbox 648 663 734 724; x_wconf 70' lang='lat' dir='ltr'><strong>qnam</strong></span> <span class='ocrx_word' id='word_1_22' title='bbox 764 643 890 720; x_wconf 84' lang='lat' dir='ltr'><strong>Bergkii·</strong></span> <span class='ocrx_word' id='word_1_23' title='bbox 916 643 958 725; x_wconf 90' lang='lat' dir='ltr'><strong>(p.</strong></span> <span class='ocrx_word' id='word_1_24' title='bbox 980 643 1099 725; x_wconf 80' lang='lat' dir='ltr'>XCIII)</span> <span class='ocrx_word' id='word_1_25' title='bbox 1118 647 1178 724; x_wconf 83' lang='lat' dir='ltr'><strong>qni,</strong></span> <span class='ocrx_word' id='word_1_26' title='bbox 1209 663 1274 702; x_wconf 85' lang='lat' dir='ltr'><strong>cunr</strong></span> 
     </span>
     <span class='ocr_line' id='line_1_5' title="bbox 203 745 1277 832; baseline -0.004 -20"><span class='ocrx_word' id='word_1_27' title='bbox 203 749 310 812; x_wconf 81' lang='lat' dir='ltr'><strong>Suidne</strong></span> <span class='ocrx_word' id='word_1_28' title='bbox 331 749 507 832; x_wconf 75' lang='lat' dir='ltr'><strong>Edcpporida</strong></span> <span class='ocrx_word' id='word_1_29' title='bbox 535 759 589 810; x_wconf 80' lang='grc' dir='ltr'><strong>τοῦ</strong></span> <span class='ocrx_word' id='word_1_30' title='bbox 619 748 790 831; x_wconf 71' lang='grc' dir='ltr'>Κορινθίου</span> <span class='ocrx_word' id='word_1_31' title='bbox 819 745 1027 828; x_wconf 75' lang='grc' dir='ltr'><strong><em>ἢΣικυωνίου</em></strong></span> <span class='ocrx_word' id='word_1_32' title='bbox 1048 752 1192 827; x_wconf 83' lang='lat' dir='ltr'><strong>integrum</strong></span> <span class='ocrx_word' id='word_1_33' title='bbox 1214 769 1277 808; x_wconf 89' lang='lat' dir='ltr'><strong>esse</strong></span> 
     </span>
     <span class='ocr_line' id='line_1_6' title="bbox 201 849 1277 936; baseline 0 -22"><span class='ocrx_word' id='word_1_34' title='bbox 201 865 298 936; x_wconf 87' lang='lat' dir='ltr'><strong>putet,</strong></span> <span class='ocrx_word' id='word_1_35' title='bbox 327 855 402 914; x_wconf 84' lang='lat' dir='ltr'><strong>huno</strong></span> <span class='ocrx_word' id='word_1_36' title='bbox 425 856 637 916; x_wconf 80' lang='lat' dir='ltr'><strong>Chersonesum</strong></span> <span class='ocrx_word' id='word_1_37' title='bbox 666 857 892 935; x_wconf 82' lang='lat' dir='ltr'><strong>promontorium</strong></span> <span class='ocrx_word' id='word_1_38' title='bbox 922 857 984 932; x_wconf 84' lang='lat' dir='ltr'><strong>egri</strong></span> <span class='ocrx_word' id='word_1_39' title='bbox 1007 849 1184 914; x_wconf 84' lang='lat' dir='ltr'><strong>Corinthiaci</strong></span> <span class='ocrx_word' id='word_1_40' title='bbox 1211 875 1277 914; x_wconf 84' lang='lat' dir='ltr'><strong>esse</strong></span> 
     </span>
     <span class='ocr_line' id='line_1_7' title="bbox 201 959 1276 1041; baseline 0.001 -22"><span class='ocrx_word' id='word_1_41' title='bbox 201 960 306 1034; x_wconf 89' lang='lat' dir='ltr'><strong>credit,</strong></span> <span class='ocrx_word' id='word_1_42' title='bbox 337 980 405 1020; x_wconf 82' lang='lat' dir='ltr'><strong>nam</strong></span> <span class='ocrx_word' id='word_1_43' title='bbox 427 964 531 1020; x_wconf 87' lang='lat' dir='ltr'><strong>mirum</strong></span> <span class='ocrx_word' id='word_1_44' title='bbox 560 969 650 1032; x_wconf 89' lang='lat' dir='ltr'><strong>esset,</strong></span> <span class='ocrx_word' id='word_1_45' title='bbox 678 962 702 1020; x_wconf 85' lang='lat' dir='ltr'><strong>si</strong></span> <span class='ocrx_word' id='word_1_46' title='bbox 724 962 800 1019; x_wconf 90' lang='lat' dir='ltr'><strong>inter</strong></span> <span class='ocrx_word' id='word_1_47' title='bbox 822 960 1024 1041; x_wconf 71' lang='lat' dir='ltr'><strong>Aristophanis</strong></span> <span class='ocrx_word' id='word_1_48' title='bbox 1046 962 1197 1038; x_wconf 79' lang='lat' dir='ltr'><strong>magistros</strong></span> <span class='ocrx_word' id='word_1_49' title='bbox 1219 959 1276 1020; x_wconf 90' lang='lat' dir='ltr'><strong>duo</strong></span> 
     </span>
     <span class='ocr_line' id='line_1_8' title="bbox 201 1065 1278 1145; baseline -0.001 -21"><span class='ocrx_word' id='word_1_50' title='bbox 201 1068 388 1138; x_wconf 70' lang='lat' dir='ltr'><strong>exstitissent,</strong></span> <span class='ocrx_word' id='word_1_51' title='bbox 412 1069 462 1145; x_wconf 91' lang='lat' dir='ltr'><strong>qui</strong></span> <span class='ocrx_word' id='word_1_52' title='bbox 484 1065 565 1126; x_wconf 86' lang='lat' dir='ltr'><strong>dubii</strong></span> <span class='ocrx_word' id='word_1_53' title='bbox 588 1077 685 1125; x_wconf 88' lang='lat' dir='ltr'><strong>utrum</strong></span> <span class='ocrx_word' id='word_1_54' title='bbox 700 1065 842 1126; x_wconf 87' lang='lat' dir='ltr'><strong>Corinthii</strong></span> <span class='ocrx_word' id='word_1_55' title='bbox 862 1087 901 1126; x_wconf 83' lang='lat' dir='ltr'><strong>an</strong></span> <span class='ocrx_word' id='word_1_56' title='bbox 917 1066 1046 1145; x_wconf 83' lang='lat' dir='ltr'><strong>Sicyonii</strong></span> <span class='ocrx_word' id='word_1_57' title='bbox 1066 1075 1171 1124; x_wconf 87' lang='lat' dir='ltr'><strong>essent.</strong></span> <span class='ocrx_word' id='word_1_58' title='bbox 1204 1066 1278 1124; x_wconf 86' lang='lat' dir='ltr'><strong>Erat</strong></span> 
     </span>
     <span class='ocr_line' id='line_1_9' title="bbox 200 1159 1277 1251; baseline -0.001 -21"><span class='ocrx_word' id='word_1_59' title='bbox 200 1174 289 1249; x_wconf 82' lang='lat' dir='ltr'><strong>igitur</strong></span> <span class='ocrx_word' id='word_1_60' title='bbox 317 1171 505 1251; x_wconf 84' lang='lat' dir='ltr'><strong>Euphronius</strong></span> <span class='ocrx_word' id='word_1_61' title='bbox 536 1179 623 1251; x_wconf 90' lang='lat' dir='ltr'><strong>poeta</strong></span> <span class='ocrx_word' id='word_1_62' title='bbox 654 1168 871 1230; x_wconf 87' lang='lat' dir='ltr'><strong>Alexandrinus</strong></span> <span class='ocrx_word' id='word_1_63' title='bbox 903 1169 981 1230; x_wconf 88' lang='lat' dir='ltr'><strong>haud</strong></span> <span class='ocrx_word' id='word_1_64' title='bbox 1010 1169 1155 1248; x_wconf 82' lang='lat' dir='ltr'><strong>ignobilis,</strong></span> <span class='ocrx_word' id='word_1_65' title='bbox 1175 1159 1277 1249; x_wconf 62' lang='lat' dir='ltr'><strong>‘quem</strong></span> 
     </span>
     <span class='ocr_line' id='line_1_10' title="bbox 201 1274 1277 1356; baseline -0.001 -20"><span class='ocrx_word' id='word_1_66' title='bbox 201 1286 317 1356; x_wconf 87' lang='lat' dir='ltr'><strong>praeter</strong></span> <span class='ocrx_word' id='word_1_67' title='bbox 337 1279 465 1336; x_wconf 86' lang='lat' dir='ltr'><strong>carmina</strong></span> <span class='ocrx_word' id='word_1_68' title='bbox 486 1279 605 1356; x_wconf 84' lang='lat' dir='ltr'><strong>priapea</strong></span> <span class='ocrx_word' id='word_1_69' title='bbox 626 1276 739 1335; x_wconf 86' lang='lat' dir='ltr'><strong>fabulas</strong></span> <span class='ocrx_word' id='word_1_70' title='bbox 767 1278 894 1335; x_wconf 88' lang='lat' dir='ltr'><strong>scenicas</strong></span> <span class='ocrx_word' id='word_1_71' title='bbox 920 1277 1122 1356; x_wconf 79' lang='lat' dir='ltr'><strong>conscripsisse</strong></span> <span class='ocrx_word' id='word_1_72' title='bbox 1144 1274 1213 1334; x_wconf 90' lang='lat' dir='ltr'><strong>inde</strong></span> <span class='ocrx_word' id='word_1_73' title='bbox 1235 1278 1277 1335; x_wconf 84' lang='lat' dir='ltr'><strong>in·</strong></span> 
     </span>
     <span class='ocr_line' id='line_1_11' title="bbox 200 1380 1276 1461; baseline 0.002 -19"><span class='ocrx_word' id='word_1_74' title='bbox 200 1381 364 1458; x_wconf 77' lang='lat' dir='ltr'><strong>collegitur,</strong></span> <span class='ocrx_word' id='word_1_75' title='bbox 395 1381 473 1461; x_wconf 91' lang='lat' dir='ltr'><strong>quod</strong></span> <span class='ocrx_word' id='word_1_76' title='bbox 503 1403 521 1440; x_wconf 90' lang='lat' dir='ltr'><strong>a</strong></span> <span class='ocrx_word' id='word_1_77' title='bbox 541 1381 689 1441; x_wconf 84' lang='lat' dir='ltr'><strong>nonnullis</strong></span> <span class='ocrx_word' id='word_1_78' title='bbox 717 1384 794 1440; x_wconf 90' lang='lat' dir='ltr'><strong>inter</strong></span> <span class='ocrx_word' id='word_1_79' title='bbox 814 1391 914 1461; x_wconf 81' lang='lat' dir='ltr'><strong>poetes</strong></span> <span class='ocrx_word' id='word_1_80' title='bbox 936 1380 1040 1460; x_wconf 82' lang='lat' dir='ltr'><strong>pliedis</strong></span> <span class='ocrx_word' id='word_1_81' title='bbox 1062 1381 1276 1444; x_wconf 78' lang='lat' dir='ltr'><strong>numerabatur.</strong></span> 
     </span>
     <span class='ocr_line' id='line_1_12' title="bbox 202 1484 1277 1566; baseline -0.003 -17"><span class='ocrx_word' id='word_1_82' title='bbox 202 1489 308 1549; x_wconf 87' lang='lat' dir='ltr'><strong>Utrum</strong></span> <span class='ocrx_word' id='word_1_83' title='bbox 330 1497 427 1547; x_wconf 85' lang='lat' dir='ltr'><strong>autem</strong></span> <span class='ocrx_word' id='word_1_84' title='bbox 449 1487 611 1564; x_wconf 83' lang='lat' dir='ltr'><strong>tragoedias</strong></span> <span class='ocrx_word' id='word_1_85' title='bbox 632 1507 671 1546; x_wconf 80' lang='lat' dir='ltr'><strong>en</strong></span> <span class='ocrx_word' id='word_1_86' title='bbox 694 1484 855 1546; x_wconf 88' lang='lat' dir='ltr'><strong>comoedias</strong></span> <span class='ocrx_word' id='word_1_87' title='bbox 877 1488 1031 1566; x_wconf 85' lang='lat' dir='ltr'><strong>scripserit,</strong></span> <span class='ocrx_word' id='word_1_88' title='bbox 1052 1505 1138 1565; x_wconf 82' lang='lat' dir='ltr'><strong>qnam</strong></span> <span class='ocrx_word' id='word_1_89' title='bbox 1157 1486 1277 1546; x_wconf 81' lang='lat' dir='ltr'><strong>alteram</strong></span> 
     </span>
     <span class='ocr_line' id='line_1_13' title="bbox 201 1590 1277 1672; baseline 0 -22"><span class='ocrx_word' id='word_1_90' title='bbox 201 1594 231 1650; x_wconf 90' lang='lat' dir='ltr'><strong>in</strong></span> <span class='ocrx_word' id='word_1_91' title='bbox 253 1594 425 1651; x_wconf 76' lang='lat' dir='ltr'><strong>sententiam</strong></span> <span class='ocrx_word' id='word_1_92' title='bbox 438 1592 582 1670; x_wconf 80' lang='lat' dir='ltr'><strong>Bergkius</strong></span> <span class='ocrx_word' id='word_1_93' title='bbox 604 1593 731 1664; x_wconf 74' lang='lat' dir='ltr'><strong>inclinet</strong></span> <span class='ocrx_word' id='word_1_94' title='bbox 749 1594 818 1672; x_wconf 78' lang='lat' dir='ltr'><strong>quin</strong></span> <span class='ocrx_word' id='word_1_95' title='bbox 840 1591 935 1651; x_wconf 89' lang='lat' dir='ltr'><strong>studia</strong></span> <span class='ocrx_word' id='word_1_96' title='bbox 956 1594 1018 1651; x_wconf 90' lang='lat' dir='ltr'><strong>eius</strong></span> <span class='ocrx_word' id='word_1_97' title='bbox 1039 1590 1078 1650; x_wconf 88' lang='lat' dir='ltr'><strong>ad</strong></span> <span class='ocrx_word' id='word_1_98' title='bbox 1099 1591 1277 1651; x_wconf 77' lang='lat' dir='ltr'><strong>comoediam</strong></span> 
     </span>
     <span class='ocr_line' id='line_1_14' title="bbox 202 1696 1278 1772; baseline 0 -16"><span class='ocrx_word' id='word_1_99' title='bbox 202 1717 342 1756; x_wconf 84' lang='lat' dir='ltr'><strong>conuersa</strong></span> <span class='ocrx_word' id='word_1_100' title='bbox 369 1699 492 1771; x_wconf 71' lang='lat' dir='ltr'><strong>fixerint,</strong></span> <span class='ocrx_word' id='word_1_101' title='bbox 524 1718 582 1757; x_wconf 91' lang='lat' dir='ltr'><strong>non</strong></span> <span class='ocrx_word' id='word_1_102' title='bbox 611 1701 707 1758; x_wconf 89' lang='lat' dir='ltr'><strong>miuus</strong></span> <span class='ocrx_word' id='word_1_103' title='bbox 736 1697 856 1758; x_wconf 88' lang='lat' dir='ltr'><strong>dubium</strong></span> <span class='ocrx_word' id='word_1_104' title='bbox 879 1706 938 1772; x_wconf 82' lang='lat' dir='ltr'><strong>est3</strong></span> <span class='ocrx_word' id='word_1_105' title='bbox 969 1716 1036 1755; x_wconf 88' lang='lat' dir='ltr'><strong>nam</strong></span> <span class='ocrx_word' id='word_1_106' title='bbox 1059 1715 1096 1754; x_wconf 84' lang='lat' dir='ltr'><strong>ex</strong></span> <span class='ocrx_word' id='word_1_107' title='bbox 1118 1696 1278 1757; x_wconf 85' lang='lat' dir='ltr'><strong>studiorum</strong></span> 
     </span>
     <span class='ocr_line' id='line_1_15' title="bbox 203 1800 1280 1884; baseline -0.001 -23"><span class='ocrx_word' id='word_1_108' title='bbox 203 1805 452 1880; x_wconf 73' lang='lat' dir='ltr'><strong>grammaticorum</strong></span> <span class='ocrx_word' id='word_1_109' title='bbox 482 1802 580 1862; x_wconf 90' lang='lat' dir='ltr'><strong>indole</strong></span> <span class='ocrx_word' id='word_1_110' title='bbox 611 1806 742 1884; x_wconf 84' lang='lat' dir='ltr'><strong>poeticae</strong></span> <span class='ocrx_word' id='word_1_111' title='bbox 769 1804 909 1862; x_wconf 81' lang='lat' dir='ltr'><strong>rationem</strong></span> <span class='ocrx_word' id='word_1_112' title='bbox 938 1800 1074 1878; x_wconf 83' lang='lat' dir='ltr'><strong>colligere</strong></span> <span class='ocrx_word' id='word_1_113' title='bbox 1105 1822 1163 1861; x_wconf 91' lang='lat' dir='ltr'><strong>non</strong></span> <span class='ocrx_word' id='word_1_114' title='bbox 1191 1803 1280 1861; x_wconf 89' lang='lat' dir='ltr'><strong>licere</strong></span> 
     </span>
     <span class='ocr_line' id='line_1_16' title="bbox 205 1906 1280 1988; baseline 0 -22"><span class='ocrx_word' id='word_1_115' title='bbox 205 1907 405 1987; x_wconf 87' lang='lat' dir='ltr'><strong>Lycophronis</strong></span> <span class='ocrx_word' id='word_1_116' title='bbox 434 1909 600 1988; x_wconf 84' lang='lat' dir='ltr'><strong>exemplum</strong></span> <span class='ocrx_word' id='word_1_117' title='bbox 626 1909 820 1980; x_wconf 83' lang='lat' dir='ltr'><strong>demonstrat,</strong></span> <span class='ocrx_word' id='word_1_118' title='bbox 851 1907 901 1986; x_wconf 91' lang='lat' dir='ltr'><strong>qni</strong></span> <span class='ocrx_word' id='word_1_119' title='bbox 932 1909 993 1986; x_wconf 90' lang='lat' dir='ltr'><strong>ipse</strong></span> <span class='ocrx_word' id='word_1_120' title='bbox 1013 1906 1132 1986; x_wconf 88' lang='lat' dir='ltr'><strong>quidem</strong></span> <span class='ocrx_word' id='word_1_121' title='bbox 1153 1910 1280 1984; x_wconf 84' lang='lat' dir='ltr'><strong>tragicus</strong></span> 
     </span>
     <span class='ocr_line' id='line_1_17' title="bbox 204 2010 1280 2094; baseline 0 -23"><span class='ocrx_word' id='word_1_122' title='bbox 204 2024 289 2092; x_wconf 90' lang='lat' dir='ltr'><strong>poeta</strong></span> <span class='ocrx_word' id='word_1_123' title='bbox 316 2013 481 2072; x_wconf 87' lang='lat' dir='ltr'><strong>comoediae</strong></span> <span class='ocrx_word' id='word_1_124' title='bbox 509 2013 636 2074; x_wconf 89' lang='lat' dir='ltr'><strong>studium</strong></span> <span class='ocrx_word' id='word_1_125' title='bbox 666 2013 857 2094; x_wconf 72' lang='lat' dir='ltr'><strong>impertiebat.</strong></span> <span class='ocrx_word' id='word_1_126' title='bbox 901 2010 972 2070; x_wconf 86' lang='lat' dir='ltr'><strong>Ideo</strong></span> <span class='ocrx_word' id='word_1_127' title='bbox 993 2010 1138 2072; x_wconf 77' lang='lat' dir='ltr'><strong>reiciendo</strong></span> <span class='ocrx_word' id='word_1_128' title='bbox 1163 2011 1280 2072; x_wconf 91' lang='lat' dir='ltr'><strong>uidetur</strong></span> 
     </span>
     <span class='ocr_line' id='line_1_18' title="bbox 203 2115 1279 2198; baseline 0 -22"><span class='ocrx_word' id='word_1_129' title='bbox 203 2117 324 2194; x_wconf 81' lang='lat' dir='ltr'><strong>Bergkii</strong></span> <span class='ocrx_word' id='word_1_130' title='bbox 346 2121 510 2178; x_wconf 75' lang='lat' dir='ltr'><strong>coniectura</strong></span> <span class='ocrx_word' id='word_1_131' title='bbox 524 2119 729 2198; x_wconf 89' lang='lat' dir='ltr'><strong>Euphronium</strong></span> <span class='ocrx_word' id='word_1_132' title='bbox 750 2137 810 2178; x_wconf 90' lang='lat' dir='ltr'><strong>non</strong></span> <span class='ocrx_word' id='word_1_133' title='bbox 827 2115 974 2177; x_wconf 85' lang='lat' dir='ltr'><strong>diuersum</strong></span> <span class='ocrx_word' id='word_1_134' title='bbox 990 2135 1053 2176; x_wconf 88' lang='lat' dir='ltr'><strong>esse</strong></span> <span class='ocrx_word' id='word_1_135' title='bbox 1066 2118 1104 2177; x_wconf 89' lang='lat' dir='ltr'><strong>ab</strong></span> <span class='ocrx_word' id='word_1_136' title='bbox 1120 2117 1279 2196; x_wconf 89' lang='lat' dir='ltr'><strong>Euphrone</strong></span> 
     </span>
     <span class='ocr_line' id='line_1_19' title="bbox 205 2223 1278 2304; baseline 0.001 -24"><span class='ocrx_word' id='word_1_137' title='bbox 205 2232 291 2302; x_wconf 81' lang='lat' dir='ltr'><strong>poetn</strong></span> <span class='ocrx_word' id='word_1_138' title='bbox 313 2225 422 2283; x_wconf 86' lang='lat' dir='ltr'><strong>comico</strong></span> <span class='ocrx_word' id='word_1_139' title='bbox 444 2223 522 2284; x_wconf 87' lang='lat' dir='ltr'><strong>illius</strong></span> <span class='ocrx_word' id='word_1_140' title='bbox 543 2227 654 2304; x_wconf 84' lang='lat' dir='ltr'><strong>aetatis,</strong></span> <span class='ocrx_word' id='word_1_141' title='bbox 680 2225 849 2303; x_wconf 72' lang='lat' dir='ltr'><strong>praesertim</strong></span> <span class='ocrx_word' id='word_1_142' title='bbox 878 2243 943 2282; x_wconf 89' lang='lat' dir='ltr'><strong>oum</strong></span> <span class='ocrx_word' id='word_1_143' title='bbox 964 2225 994 2282; x_wconf 89' lang='lat' dir='ltr'><strong>in</strong></span> <span class='ocrx_word' id='word_1_144' title='bbox 1016 2223 1183 2303; x_wconf 82' lang='lat' dir='ltr'><strong>Euphronis</strong></span> <span class='ocrx_word' id='word_1_145' title='bbox 1204 2225 1278 2300; x_wconf 83' lang='lat' dir='ltr'><strong>frng-</strong></span> 
     </span>
     <span class='ocr_line' id='line_1_20' title="bbox 204 2327 1278 2410; baseline 0.002 -24"><span class='ocrx_word' id='word_1_146' title='bbox 204 2328 309 2386; x_wconf 86' lang='lat' dir='ltr'><strong>rnentis</strong></span> <span class='ocrx_word' id='word_1_147' title='bbox 330 2347 444 2409; x_wconf 89' lang='lat' dir='ltr'><strong>semper</strong></span> <span class='ocrx_word' id='word_1_148' title='bbox 465 2331 590 2390; x_wconf 89' lang='lat' dir='ltr'><strong>nominis</strong></span> <span class='ocrx_word' id='word_1_149' title='bbox 611 2330 703 2388; x_wconf 80' lang='lat' dir='ltr'><strong>forma</strong></span> <span class='ocrx_word' id='word_1_150' title='bbox 718 2327 861 2410; x_wconf 69' lang='grc' dir='ltr'>Εὔφρων,</span> <span class='ocrx_word' id='word_1_151' title='bbox 878 2327 966 2388; x_wconf 84' lang='lat' dir='ltr'><strong>se&#39;mel</strong></span> <span class='ocrx_word' id='word_1_152' title='bbox 981 2327 1142 2410; x_wconf 71' lang='grc' dir='ltr'><strong>Εὐφορίων</strong></span> <span class='ocrx_word' id='word_1_153' title='bbox 1157 2327 1278 2409; x_wconf 80' lang='lat' dir='ltr'><strong>(Athen.</strong></span> 
     </span>
     <span class='ocr_line' id='line_1_21' title="bbox 203 2432 918 2514; baseline 0.001 -23"><span class='ocrx_word' id='word_1_154' title='bbox 203 2433 251 2491; x_wconf 90' lang='lat' dir='ltr'><strong>XI</strong></span> <span class='ocrx_word' id='word_1_155' title='bbox 275 2441 335 2494; x_wconf 78' lang='lat'><strong>503</strong></span> <span class='ocrx_word' id='word_1_156' title='bbox 351 2433 393 2514; x_wconf 84' lang='lat' dir='ltr'><strong>a),</strong></span> <span class='ocrx_word' id='word_1_157' title='bbox 416 2454 565 2514; x_wconf 73' lang='lat' dir='ltr'><strong>nunquam</strong></span> <span class='ocrx_word' id='word_1_158' title='bbox 589 2432 758 2514; x_wconf 77' lang='grc' dir='ltr'><strong><em>Εὐφρόνιος</em></strong></span> <span class='ocrx_word' id='word_1_159' title='bbox 779 2443 918 2494; x_wconf 79' lang='lat' dir='ltr'><strong>occurrat.</strong></span> 
     </span>
    </p>

    <p class='ocr_par' dir='ltr' id='par_1_3' title="bbox 202 2539 1280 4198">
     <span class='ocr_line' id='line_1_22' title="bbox 228 2539 1278 2620; baseline 0 -22"><span class='ocrx_word' id='word_1_160' title='bbox 228 2547 233 2554; x_wconf 84' lang='grc'><em>’</em></span> <span class='ocrx_word' id='word_1_161' title='bbox 289 2539 362 2598; x_wconf 82' lang='lat' dir='ltr'><strong>Cum</strong></span> <span class='ocrx_word' id='word_1_162' title='bbox 384 2540 439 2598; x_wconf 86' lang='lat' dir='ltr'><strong>heo</strong></span> <span class='ocrx_word' id='word_1_163' title='bbox 458 2543 595 2620; x_wconf 89' lang='lat' dir='ltr'><strong>temporis</strong></span> <span class='ocrx_word' id='word_1_164' title='bbox 610 2539 779 2598; x_wconf 87' lang='lat' dir='ltr'><strong>definitione</strong></span> <span class='ocrx_word' id='word_1_165' title='bbox 794 2539 868 2599; x_wconf 89' lang='lat' dir='ltr'><strong>bene</strong></span> <span class='ocrx_word' id='word_1_166' title='bbox 882 2541 1017 2598; x_wconf 89' lang='lat' dir='ltr'><strong>conuenit</strong></span> <span class='ocrx_word' id='word_1_167' title='bbox 1031 2548 1135 2598; x_wconf 83' lang='lat' dir='ltr'><strong>natura</strong></span> <span class='ocrx_word' id='word_1_168' title='bbox 1146 2539 1278 2618; x_wconf 87' lang='lat' dir='ltr'><strong>Euphro-</strong></span> 
     </span>
     <span class='ocr_line' id='line_1_23' title="bbox 204 2643 1279 2724; baseline 0.005 -23"><span class='ocrx_word' id='word_1_169' title='bbox 204 2644 308 2702; x_wconf 86' lang='lat' dir='ltr'><strong>nianae</strong></span> <span class='ocrx_word' id='word_1_170' title='bbox 330 2643 486 2708; x_wconf 82' lang='lat' dir='ltr'><strong>doctrinae.</strong></span> <span class='ocrx_word' id='word_1_171' title='bbox 522 2646 598 2705; x_wconf 88' lang='lat' dir='ltr'><strong>Nam</strong></span> <span class='ocrx_word' id='word_1_172' title='bbox 619 2644 687 2705; x_wconf 88' lang='lat' dir='ltr'><strong>licat</strong></span> <span class='ocrx_word' id='word_1_173' title='bbox 708 2644 888 2705; x_wconf 76' lang='lat' dir='ltr'><strong>Gerharrlius</strong></span> <span class='ocrx_word' id='word_1_174' title='bbox 910 2667 939 2724; x_wconf 89' lang='lat' dir='ltr'><strong>p.</strong></span> <span class='ocrx_word' id='word_1_175' title='bbox 954 2646 1000 2705; x_wconf 89' lang='lat' dir='ltr'><strong>IV</strong></span> <span class='ocrx_word' id='word_1_176' title='bbox 1022 2645 1220 2704; x_wconf 72' lang='lat' dir='ltr'><strong>Aristarchum</strong></span> <span class='ocrx_word' id='word_1_177' title='bbox 1240 2645 1279 2706; x_wconf 84' lang='lat' dir='ltr'><strong>ab</strong></span> 
     </span>
     <span class='ocr_line' id='line_1_24' title="bbox 204 2748 1278 2830; baseline 0.003 -25"><span class='ocrx_word' id='word_1_178' title='bbox 204 2748 375 2828; x_wconf 84' lang='lat' dir='ltr'><strong>Euphronio</strong></span> <span class='ocrx_word' id='word_1_179' title='bbox 397 2752 428 2808; x_wconf 93' lang='lat' dir='ltr'><strong>in</strong></span> <span class='ocrx_word' id='word_1_180' title='bbox 450 2748 553 2808; x_wconf 89' lang='lat' dir='ltr'><strong>studiis</strong></span> <span class='ocrx_word' id='word_1_181' title='bbox 581 2752 697 2809; x_wconf 88' lang='lat' dir='ltr'><strong>comicis</strong></span> <span class='ocrx_word' id='word_1_182' title='bbox 724 2749 811 2826; x_wconf 90' lang='lat' dir='ltr'><strong>longe</strong></span> <span class='ocrx_word' id='word_1_183' title='bbox 832 2760 999 2830; x_wconf 82' lang='lat' dir='ltr'><strong>superatum</strong></span> <span class='ocrx_word' id='word_1_184' title='bbox 1021 2770 1084 2810; x_wconf 85' lang='lat' dir='ltr'><strong>esse</strong></span> <span class='ocrx_word' id='word_1_185' title='bbox 1104 2749 1211 2822; x_wconf 66' lang='lat' dir='ltr'><strong>credat,</strong></span> <span class='ocrx_word' id='word_1_186' title='bbox 1235 2753 1278 2808; x_wconf 89' lang='lat' dir='ltr'><strong>in-</strong></span> 
     </span>
     <span class='ocr_line' id='line_1_25' title="bbox 204 2854 1280 2936; baseline 0.003 -25"><span class='ocrx_word' id='word_1_187' title='bbox 204 2863 272 2912; x_wconf 87' lang='lat' dir='ltr'><strong>sunt</strong></span> <span class='ocrx_word' id='word_1_188' title='bbox 292 2856 323 2913; x_wconf 91' lang='lat' dir='ltr'><strong>in</strong></span> <span class='ocrx_word' id='word_1_189' title='bbox 344 2855 512 2932; x_wconf 68' lang='lat' dir='ltr'><strong>fragmentis</strong></span> <span class='ocrx_word' id='word_1_190' title='bbox 535 2854 610 2914; x_wconf 88' lang='lat' dir='ltr'><strong>haud</strong></span> <span class='ocrx_word' id='word_1_191' title='bbox 633 2873 732 2934; x_wconf 81' lang='lat' dir='ltr'><strong>penos,</strong></span> <span class='ocrx_word' id='word_1_192' title='bbox 758 2875 834 2934; x_wconf 84' lang='lat' dir='ltr'><strong>quae</strong></span> <span class='ocrx_word' id='word_1_193' title='bbox 855 2875 874 2913; x_wconf 87' lang='lat' dir='ltr'><strong>a</strong></span> <span class='ocrx_word' id='word_1_194' title='bbox 895 2856 1097 2936; x_wconf 87' lang='lat' dir='ltr'><strong>Lycophronis</strong></span> <span class='ocrx_word' id='word_1_195' title='bbox 1118 2858 1280 2915; x_wconf 73' lang='lat' dir='ltr'><strong>temeritate</strong></span> 
     </span>
     <span class='ocr_line' id='line_1_26' title="bbox 205 2957 1279 3041; baseline 0.003 -24"><span class='ocrx_word' id='word_1_196' title='bbox 205 2957 284 3018; x_wconf 82' lang='lat' dir='ltr'><strong>hand</strong></span> <span class='ocrx_word' id='word_1_197' title='bbox 305 2958 426 3018; x_wconf 91' lang='lat' dir='ltr'><strong>multum</strong></span> <span class='ocrx_word' id='word_1_198' title='bbox 449 2958 571 3034; x_wconf 83' lang='lat' dir='ltr'><strong>distent,</strong></span> <span class='ocrx_word' id='word_1_199' title='bbox 601 2979 688 3040; x_wconf 90' lang='lat' dir='ltr'><strong>quem</strong></span> <span class='ocrx_word' id='word_1_200' title='bbox 717 2968 776 3018; x_wconf 89' lang='lat' dir='ltr'><strong>tam</strong></span> <span class='ocrx_word' id='word_1_201' title='bbox 803 2961 954 3039; x_wconf 88' lang='lat' dir='ltr'><strong>pueriliter</strong></span> <span class='ocrx_word' id='word_1_202' title='bbox 973 2980 1092 3022; x_wconf 87' lang='lat' dir='ltr'><strong>munere</strong></span> <span class='ocrx_word' id='word_1_203' title='bbox 1114 2963 1279 3041; x_wconf 82' lang='lat' dir='ltr'><strong>interpretis</strong></span> 
     </span>
     <span class='ocr_line' id='line_1_27' title="bbox 205 3063 1279 3146; baseline 0.003 -24"><span class='ocrx_word' id='word_1_204' title='bbox 205 3063 337 3123; x_wconf 79' lang='lat' dir='ltr'><strong>iunctum</strong></span> <span class='ocrx_word' id='word_1_205' title='bbox 357 3083 420 3124; x_wconf 88' lang='lat' dir='ltr'><strong>esse</strong></span> <span class='ocrx_word' id='word_1_206' title='bbox 440 3065 578 3138; x_wconf 84' lang='lat' dir='ltr'><strong>uidimus,</strong></span> <span class='ocrx_word' id='word_1_207' title='bbox 607 3075 639 3124; x_wconf 89' lang='lat' dir='ltr'><strong>ut</strong></span> <span class='ocrx_word' id='word_1_208' title='bbox 659 3085 746 3146; x_wconf 90' lang='lat' dir='ltr'><strong>saepe</strong></span> <span class='ocrx_word' id='word_1_209' title='bbox 767 3086 826 3125; x_wconf 88' lang='lat' dir='ltr'><strong>non</strong></span> <span class='ocrx_word' id='word_1_210' title='bbox 849 3069 918 3126; x_wconf 84' lang='lat' dir='ltr'><strong>satis</strong></span> <span class='ocrx_word' id='word_1_211' title='bbox 939 3076 1090 3146; x_wconf 80' lang='lat' dir='ltr'><strong>perspecta</strong></span> <span class='ocrx_word' id='word_1_212' title='bbox 1109 3066 1164 3126; x_wconf 90' lang='lat' dir='ltr'><strong>loci</strong></span> <span class='ocrx_word' id='word_1_213' title='bbox 1185 3068 1279 3125; x_wconf 91' lang='lat' dir='ltr'><strong>ouius-</strong></span> 
     </span>
     <span class='ocr_line' id='line_1_28' title="bbox 203 3170 1279 3251; baseline 0.003 -24"><span class='ocrx_word' id='word_1_214' title='bbox 203 3188 262 3247; x_wconf 91' lang='lat' dir='ltr'><strong>que</strong></span> <span class='ocrx_word' id='word_1_215' title='bbox 290 3179 394 3228; x_wconf 84' lang='lat' dir='ltr'><strong>natura</strong></span> <span class='ocrx_word' id='word_1_216' title='bbox 423 3170 502 3250; x_wconf 91' lang='lat' dir='ltr'><strong>quod</strong></span> <span class='ocrx_word' id='word_1_217' title='bbox 529 3171 583 3230; x_wconf 90' lang='lat' dir='ltr'><strong>sibi</strong></span> <span class='ocrx_word' id='word_1_218' title='bbox 611 3173 737 3231; x_wconf 83' lang='lat' dir='ltr'><strong>maxime</strong></span> <span class='ocrx_word' id='word_1_219' title='bbox 764 3180 865 3251; x_wconf 88' lang='lat' dir='ltr'><strong>aptum</strong></span> <span class='ocrx_word' id='word_1_220' title='bbox 894 3170 1051 3245; x_wconf 81' lang='lat' dir='ltr'><strong>uideretur,</strong></span> <span class='ocrx_word' id='word_1_221' title='bbox 1080 3170 1110 3230; x_wconf 89' lang='lat' dir='ltr'><strong>id</strong></span> <span class='ocrx_word' id='word_1_222' title='bbox 1137 3173 1200 3231; x_wconf 89' lang='lat' dir='ltr'><strong>sine</strong></span> <span class='ocrx_word' id='word_1_223' title='bbox 1219 3171 1279 3230; x_wconf 82' lang='lat' dir='ltr'><strong>ulle</strong></span> 
     </span>
     <span class='ocr_line' id='line_1_29' title="bbox 204 3272 1277 3356; baseline 0.007 -25"><span class='ocrx_word' id='word_1_224' title='bbox 204 3272 384 3334; x_wconf 87' lang='lat' dir='ltr'><strong>dubitatione</strong></span> <span class='ocrx_word' id='word_1_225' title='bbox 405 3295 458 3355; x_wconf 90' lang='lat' dir='ltr'><strong>pro</strong></span> <span class='ocrx_word' id='word_1_226' title='bbox 480 3278 717 3355; x_wconf 81' lang='lat' dir='ltr'><strong>interpretatione</strong></span> <span class='ocrx_word' id='word_1_227' title='bbox 730 3286 897 3356; x_wconf 85' lang='lat' dir='ltr'><strong>apponeret.</strong></span> <span class='ocrx_word' id='word_1_228' title='bbox 932 3278 979 3336; x_wconf 81' lang='lat' dir='ltr'><strong>Ex</strong></span> <span class='ocrx_word' id='word_1_229' title='bbox 995 3279 1101 3337; x_wconf 83' lang='lat' dir='ltr'><strong>Avium</strong></span> <span class='ocrx_word' id='word_1_230' title='bbox 1116 3295 1201 3335; x_wconf 84' lang='lat' dir='ltr'><strong>versu</strong></span> <span class='ocrx_word' id='word_1_231' title='bbox 1216 3281 1277 3338; x_wconf 84' lang='grc'><strong>998</strong></span> 
     </span>
     <span class='ocr_line' id='line_1_30' title="bbox 204 3374 1278 3462; baseline 0.001 -23"><span class='ocrx_word' id='word_1_232' title='bbox 204 3376 330 3455; x_wconf 75' lang='grc' dir='ltr'>Μέτων,</span> <span class='ocrx_word' id='word_1_233' title='bbox 353 3379 387 3440; x_wconf 83' lang='grc' dir='ltr'><strong>ὃν</strong></span> <span class='ocrx_word' id='word_1_234' title='bbox 409 3374 487 3441; x_wconf 71' lang='lat' dir='ltr'><strong>older</strong></span> <span class='ocrx_word' id='word_1_235' title='bbox 507 3377 614 3454; x_wconf 82' lang='grc' dir='ltr'><strong><em>Ἑλλὰς</em></strong></span> <span class='ocrx_word' id='word_1_236' title='bbox 633 3381 680 3459; x_wconf 80' lang='grc' dir='ltr'><em>χώ</em></span> <span class='ocrx_word' id='word_1_237' title='bbox 702 3381 831 3454; x_wconf 81' lang='grc' dir='ltr'><strong><em>κολωνός</em></strong></span> <span class='ocrx_word' id='word_1_238' title='bbox 851 3382 1039 3462; x_wconf 85' lang='lat' dir='ltr'><strong>Euphronius</strong></span> <span class='ocrx_word' id='word_1_239' title='bbox 1060 3381 1200 3442; x_wconf 87' lang='lat' dir='ltr'><strong>conclusit</strong></span> <span class='ocrx_word' id='word_1_240' title='bbox 1216 3381 1278 3440; x_wconf 87' lang='lat' dir='ltr'><strong>Me·</strong></span> 
     </span>
     <span class='ocr_line' id='line_1_31' title="bbox 203 3486 1279 3568; baseline 0.003 -25"><span class='ocrx_word' id='word_1_241' title='bbox 203 3493 301 3544; x_wconf 88' lang='lat' dir='ltr'><strong>tonem</strong></span> <span class='ocrx_word' id='word_1_242' title='bbox 324 3486 427 3546; x_wconf 81' lang='lat' dir='ltr'><strong>Coloni</strong></span> <span class='ocrx_word' id='word_1_243' title='bbox 449 3492 549 3544; x_wconf 78' lang='lat' dir='ltr'><strong>netum</strong></span> <span class='ocrx_word' id='word_1_244' title='bbox 570 3504 635 3546; x_wconf 78' lang='lat' dir='ltr'><strong>esse</strong></span> <span class='ocrx_word' id='word_1_245' title='bbox 657 3487 741 3567; x_wconf 81' lang='lat' dir='ltr'><strong>(frug.</strong></span> <span class='ocrx_word' id='word_1_246' title='bbox 765 3487 830 3568; x_wconf 85' lang='grc'>94),</span> <span class='ocrx_word' id='word_1_247' title='bbox 854 3506 890 3546; x_wconf 85' lang='lat' dir='ltr'><strong>ex</strong></span> <span class='ocrx_word' id='word_1_248' title='bbox 911 3488 967 3546; x_wconf 88' lang='lat' dir='ltr'><strong>Av.</strong></span> <span class='ocrx_word' id='word_1_249' title='bbox 993 3496 1051 3550; x_wconf 75' lang='lat'><strong>765</strong></span> <span class='ocrx_word' id='word_1_250' title='bbox 1074 3486 1194 3558; x_wconf 83' lang='grc' dir='ltr'><em>πάππος</em></span> <span class='ocrx_word' id='word_1_251' title='bbox 1215 3505 1279 3547; x_wconf 86' lang='lat' dir='ltr'><strong>esse</strong></span> 
     </span>
     <span class='ocr_line' id='line_1_32' title="bbox 205 3587 1278 3672; baseline 0.002 -22"><span class='ocrx_word' id='word_1_252' title='bbox 205 3587 307 3670; x_wconf 77' lang='grc' dir='ltr'>ὄρνεόν</span> <span class='ocrx_word' id='word_1_253' title='bbox 329 3601 358 3650; x_wconf 82' lang='grc' dir='ltr'><strong><em>ιί</em></strong></span> <span class='ocrx_word' id='word_1_254' title='bbox 381 3590 466 3672; x_wconf 80' lang='lat' dir='ltr'><strong>(frag.</strong></span> <span class='ocrx_word' id='word_1_255' title='bbox 488 3591 568 3671; x_wconf 82' lang='lat'>104),</span> <span class='ocrx_word' id='word_1_256' title='bbox 591 3593 628 3652; x_wconf 88' lang='lat' dir='ltr'><strong>cf.</strong></span> <span class='ocrx_word' id='word_1_257' title='bbox 651 3593 722 3670; x_wconf 81' lang='lat' dir='ltr'><strong>frag.</strong></span> <span class='ocrx_word' id='word_1_258' title='bbox 741 3599 790 3667; x_wconf 86' lang='grc'><strong>83,</strong></span> <span class='ocrx_word' id='word_1_259' title='bbox 809 3601 847 3655; x_wconf 86' lang='grc'><strong>65</strong></span> <span class='ocrx_word' id='word_1_260' title='bbox 863 3593 901 3652; x_wconf 75' lang='lat' dir='ltr'><strong>nl.</strong></span> <span class='ocrx_word' id='word_1_261' title='bbox 942 3591 1022 3669; x_wconf 79' lang='lat' dir='ltr'><strong>Quid</strong></span> <span class='ocrx_word' id='word_1_262' title='bbox 1044 3593 1122 3672; x_wconf 89' lang='lat' dir='ltr'><strong>quod</strong></span> <span class='ocrx_word' id='word_1_263' title='bbox 1145 3593 1278 3672; x_wconf 84' lang='lat' dir='ltr'><strong>Euphro-</strong></span> 
     </span>
     <span class='ocr_line' id='line_1_33' title="bbox 204 3697 1279 3780; baseline 0.003 -26"><span class='ocrx_word' id='word_1_264' title='bbox 204 3697 270 3754; x_wconf 89' lang='lat' dir='ltr'><strong>nius</strong></span> <span class='ocrx_word' id='word_1_265' title='bbox 291 3715 378 3776; x_wconf 88' lang='lat' dir='ltr'><strong>saepe</strong></span> <span class='ocrx_word' id='word_1_266' title='bbox 399 3699 440 3756; x_wconf 86' lang='lat' dir='ltr'><strong>ita</strong></span> <span class='ocrx_word' id='word_1_267' title='bbox 461 3716 525 3756; x_wconf 88' lang='lat' dir='ltr'><strong>cum</strong></span> <span class='ocrx_word' id='word_1_268' title='bbox 548 3697 714 3758; x_wconf 81' lang='lat' dir='ltr'><strong>Callistrato</strong></span> <span class='ocrx_word' id='word_1_269' title='bbox 736 3701 914 3759; x_wconf 85' lang='lat' dir='ltr'><strong>consociatus</strong></span> <span class='ocrx_word' id='word_1_270' title='bbox 934 3699 1081 3780; x_wconf 81' lang='lat' dir='ltr'><strong>procedit,</strong></span> <span class='ocrx_word' id='word_1_271' title='bbox 1101 3707 1135 3756; x_wconf 92' lang='lat' dir='ltr'><strong>ut</strong></span> <span class='ocrx_word' id='word_1_272' title='bbox 1155 3707 1279 3777; x_wconf 87' lang='lat' dir='ltr'><strong>uterque</strong></span> 
     </span>
     <span class='ocr_line' id='line_1_34' title="bbox 204 3799 1277 3884; baseline 0.004 -24"><span class='ocrx_word' id='word_1_273' title='bbox 204 3799 280 3861; x_wconf 90' lang='lat' dir='ltr'><strong>idem</strong></span> <span class='ocrx_word' id='word_1_274' title='bbox 303 3800 408 3881; x_wconf 78' lang='lat' dir='ltr'><strong>prodet</strong></span> <span class='ocrx_word' id='word_1_275' title='bbox 429 3800 516 3881; x_wconf 84' lang='lat' dir='ltr'><strong>(frag.</strong></span> <span class='ocrx_word' id='word_1_276' title='bbox 531 3802 602 3884; x_wconf 83' lang='lat'>102)</span> <span class='ocrx_word' id='word_1_277' title='bbox 624 3813 676 3862; x_wconf 85' lang='lat' dir='ltr'><strong>aut</strong></span> <span class='ocrx_word' id='word_1_278' title='bbox 697 3804 853 3864; x_wconf 79' lang='lat' dir='ltr'><strong>Callistrati</strong></span> <span class='ocrx_word' id='word_1_279' title='bbox 874 3807 971 3863; x_wconf 89' lang='lat' dir='ltr'><strong>uerior</strong></span> <span class='ocrx_word' id='word_1_280' title='bbox 992 3804 1123 3863; x_wconf 73' lang='lat' dir='ltr'><strong>doctrina</strong></span> <span class='ocrx_word' id='word_1_281' title='bbox 1144 3804 1277 3883; x_wconf 89' lang='lat' dir='ltr'><strong>Euphro-</strong></span> 
     </span>
     <span class='ocr_line' id='line_1_35' title="bbox 204 3908 1277 3989; baseline 0.003 -23"><span class='ocrx_word' id='word_1_282' title='bbox 204 3909 309 3966; x_wconf 90' lang='lat' dir='ltr'><strong>nianae</strong></span> <span class='ocrx_word' id='word_1_283' title='bbox 329 3926 484 3987; x_wconf 84' lang='lat' dir='ltr'><strong>peruersce</strong></span> <span class='ocrx_word' id='word_1_284' title='bbox 506 3918 670 3989; x_wconf 86' lang='lat' dir='ltr'><strong>opponatur</strong></span> <span class='ocrx_word' id='word_1_285' title='bbox 690 3910 726 3966; x_wconf 88' lang='lat' dir='ltr'><strong>of.</strong></span> <span class='ocrx_word' id='word_1_286' title='bbox 749 3910 821 3986; x_wconf 74' lang='lat' dir='ltr'><strong>frug.</strong></span> <span class='ocrx_word' id='word_1_287' title='bbox 842 3917 891 3982; x_wconf 87' lang='grc'><strong>94,</strong></span> <span class='ocrx_word' id='word_1_288' title='bbox 912 3915 980 3972; x_wconf 82' lang='lat'><strong>129.</strong></span> <span class='ocrx_word' id='word_1_289' title='bbox 1018 3908 1106 3972; x_wconf 89' lang='lat' dir='ltr'><strong>Unde</strong></span> <span class='ocrx_word' id='word_1_290' title='bbox 1120 3909 1277 3969; x_wconf 88' lang='lat' dir='ltr'><strong>uerisimile</strong></span> 
     </span>
     <span class='ocr_line' id='line_1_36' title="bbox 203 4011 1278 4094; baseline 0.005 -24"><span class='ocrx_word' id='word_1_291' title='bbox 203 4011 236 4070; x_wconf 91' lang='lat' dir='ltr'><strong>fit</strong></span> <span class='ocrx_word' id='word_1_292' title='bbox 254 4011 419 4091; x_wconf 85' lang='lat' dir='ltr'><strong>Euphronii</strong></span> <span class='ocrx_word' id='word_1_293' title='bbox 438 4013 545 4074; x_wconf 88' lang='lat' dir='ltr'><strong>librum</strong></span> <span class='ocrx_word' id='word_1_294' title='bbox 560 4035 578 4073; x_wconf 82' lang='lat' dir='ltr'><strong>e</strong></span> <span class='ocrx_word' id='word_1_295' title='bbox 592 4013 756 4073; x_wconf 71' lang='lat' dir='ltr'><strong>Callistrato</strong></span> <span class='ocrx_word' id='word_1_296' title='bbox 770 4023 803 4074; x_wconf 93' lang='lat' dir='ltr'><strong>ut</strong></span> <span class='ocrx_word' id='word_1_297' title='bbox 818 4015 1018 4094; x_wconf 84' lang='lat' dir='ltr'><strong>Lycophronis</strong></span> <span class='ocrx_word' id='word_1_298' title='bbox 1032 4014 1070 4074; x_wconf 80' lang='lat' dir='ltr'><strong>ab</strong></span> <span class='ocrx_word' id='word_1_299' title='bbox 1085 4016 1278 4075; x_wconf 80' lang='lat' dir='ltr'><strong>Eratosthene</strong></span> 
     </span>
     <span class='ocr_line' id='line_1_37' title="bbox 202 4115 655 4198; baseline 0.018 -24"><span class='ocrx_word' id='word_1_300' title='bbox 202 4115 308 4198; x_wconf 81' lang='lat' dir='ltr'><strong>lectum</strong></span> <span class='ocrx_word' id='word_1_301' title='bbox 331 4127 360 4176; x_wconf 89' lang='lat' dir='ltr'><strong>et</strong></span> <span class='ocrx_word' id='word_1_302' title='bbox 379 4116 563 4178; x_wconf 88' lang='lat' dir='ltr'><strong>emendatum</strong></span> <span class='ocrx_word' id='word_1_303' title='bbox 585 4137 655 4182; x_wconf 86' lang='lat' dir='ltr'><strong>esse.</strong></span> 
     </span>
    </p>
   </div>
   <div class='ocr_carea' id='block_1_3' title="bbox 0 0 1499 4740">
    <p class='ocr_par' dir='ltr' id='par_1_4' title="bbox 0 0 1499 4740">
     <span class='ocr_line' id='line_1_38' title="bbox 0 0 1499 4740; baseline 0 0"><span class='ocrx_word' id='word_1_304' title='bbox 0 0 1499 4740; x_wconf 95' lang='lat' dir='ltr'><strong> </strong></span> 
     </span>
    </p>
   </div>
  </div>
 </body>
</html>
