2984 4740
473 307 497 336 .·
574 283 788 348 ..ςι-

146 449 263 523 διδάξαι
284 447 491 530 Ἡρακλείδας,
534 451 579 512 Τὰ
602 450 635 513 δέ
656 453 723 512 λίαν
745 449 992 532 ἐπιτετηδευμένα
1015 449 1218 532 ύπομνήματα

145 554 285 632 διστάζει,
308 555 434 636 πότερον
456 556 596 638 τραγικὸς
617 558 742 638 ποιητὴς
765 553 828 640 (ἦν)
844 555 863 637 ἢ
879 555 1044 638 ζωγράφος,
1067 555 1101 616 δν
1115 558 1217 635 καθη-

143 661 302 742 γήσασθαί
326 683 419 743 φασιν
444 657 597 723 Ἀπελλοῦ.
642 659 693 723 Ἐν
719 662 821 742 μέντοι
844 669 911 734 τοῖς
933 661 1139 732 διδασκαλίαις
1160 659 1219 741 πρὸ

144 767 259 827 τούτων
291 775 352 826 τῶν
380 764 499 846 χρόνων
526 765 692 850 Πάμφιλος
722 767 817 840 οὐδεὶς
846 765 969 849 φέρεται
1000 766 1152 848 (φαίνεται
1173 764 1216 846 V)

144 870 291 954 τραγικός.
337 874 368 931 Γ
365 871 446 954 ραφὴ
475 868 577 950 μέντοι
606 869 687 934 ἐστίν
716 870 743 933 οἳ
765 870 959 955 Ἡρακλεῖδαι
988 871 1038 932 καὶ
1065 868 1217 950 Ἀλκμήνη

144 977 192 1036 καὶ
222 973 405 1059 Ἡρακλέους
439 976 581 1058 θυγάτηρ
609 973 791 1058 Ἀθηναίους
821 976 1017 1052 ἱκετεύοντες,
1051 973 1217 1057 Εὐρυσθέα

13 1143 14 1152 ,
144 1081 289 1159 δεδιότες,
312 1082 378 1161 ἣτις
399 1082 569 1164 Παμφίλου
591 1083 644 1144 οὐκ
672 1080 761 1160 έστιν,
783 1081 824 1156 ὥς
839 1081 948 1166 φασιν,
978 1073 1045 1143 ἀλλ’
1074 1077 1217 1143 Ἀπολλο-

13 1177 15 1200 '
143 1185 252 1270 δώρου.
295 1184 331 1248 Ὀ
352 1185 385 1247 δέ
407 1186 574 1270 Πάμφιλος
603 1189 644 1260 ὡς
672 1185 746 1249 ίοικε
776 1189 826 1249 καὶ
855 1180 996 1270 νεώτερος
1017 1179 1055 1265 ἦν
1079 1183 1215 1267 Ἀριστο-

13 1289 14 1330 3
142 1291 265 1375 deovg.
300 1293 342 1353 Of.
365 1291 452 1359 Suid„
468 1314 490 1356 s.
513 1315 539 1352 v.
563 1293 688 1355 Διοίσει.
725 1294 808 1356 Fuhr
828 1295 904 1356 Mus.
920 1295 1014 1360 Rhen.
1031 1293 1059 1351 V
1076 1297 1137 1356 422
1155 1311 1215 1371 seq.

141 1399 251 1460 Uerum
274 1397 460 1458 Welckerum
482 1398 589 1459 uidisse
610 1409 680 1480 puto
703 1399 756 1461 Gr.
779 1400 868 1478 Trag.
892 1421 922 1480 p.
949 1407 1018 1461 710.
1044 1397 1086 1459 Of.
1104 1399 1216 1468 Brunn,

141 1503 380 1580 Kunstlergesch.
405 1504 435 1562 Π
458 1508 527 1570 132.

183 1715 258 1774 103.
279 1714 340 1774 Eu.
373 1712 643 1778 Seh01.Pac.5ss5.
677 1717 680 1799 λ
756 1713 851 1774 Schol.
882 1714 971 1794 Vesp.
1006 1719 1096 1776 1005.
1148 1708 1214 1772 Ἐπί

143 1814 238 1890 Μᾶζα
268 1817 318 1877 καὶ
346 1817 573 1878 πανδαισία.
601 1854 644 1864 -
677 1811 680 1896 λ
713 1818 842 1895 δεῖπνον,
872 1818 913 1890 είς
941 1817 1112 1897 ξυμπόσιον.
1162 1811 1216 1878 Ἕν

146 1922 227 1982 Φασὶ
250 1921 320 2005 (γὰρ
342 1945 397 1983 om.
418 1925 457 1983 V.
479 1924 530 2006 R.)
554 1924 644 2006 (παν-
713 1922 794 1984 ε’στιν
816 1923 862 1984 ἐπί
888 1923 1006 1984 δεῖπνον
1035 1924 1076 1996 εἰς
1098 1908 1217 2002 συμπό-

140 2027 291 2110 δαισίαν),
316 2027 389 2090 ὅταν
419 2031 467 2109 (R.
490 2038 551 2088 πᾶν
576 2029 643 2111 rel.)
712 2049 785 2095 σιον,
850 2028 940 2090 Ούται
982 2029 1040 2111 γὰρ
1083 2027 1215 2106 ἐκάλουν,

140 2133 259 2194 δεῖπνον
281 2131 326 2218 [ἓν
341 2117 365 2226 ᾧ
379 2133 496 2218 οτο.Β.]
520 2133 644 2207 ἕκαστος
712 2134 788 2196 ὥστε
820 2133 913 2211 μόνον
944 2129 1020 2194 εἶναι
1052 2134 1106 2194 τὸν
1137 2127 1216 2194 οἶνον

141 2238 225 2324 αύτῷ
248 2239 379 2317 κομίζων
404 2239 445 2311 είς
467 2240 566 2300 κοινδν
587 2265 643 2301 κα·
712 2239 819 2318 κοινόν,
852 2239 890 2301 τά
921 2238 953 2301 δέ
985 2241 1074 2300 λοιπά
1107 2234 1216 2300 ἑαυτοῦ

140 2344 308 2424 τατίθηται
332 2344 432 2429 (θήσῃ
451 2347 486 2405 R.
518 2348 644 2408 κατατί-
712 2348 781 2427 (leg.
805 2341 916 2430 ἑαυτῷ)
946 2344 1096 2428 (ἕκαστον)
1127 2343 1214 2423 κομί-

13 2453 15 2460 '
140 2453 231 2511 θεται
242 2451 308 2533 rel.)
324 2450 374 2510 καὶ
393 2449 503 2523 πάντες
522 2451 643 2513 πάντων
712 2452 771 2528 ζειν
784 2451 864 2513 ούται
877 2448 1030 2532 κληθέντα
1046 2449 1129 2532 (τοὺς
1142 2452 1214 2529 κλη-

137 2553 389 2638 μετέχωσιίίλΝ.
398 2554 555 2636 μετέχουσι
565 2559 642 2642 rel.)
712 2555 872 2640 θένταςί).
903 2556 1159 2617 Πανθοινίαν
1181 2552 1214 2615 δὲ

138 2659 250 2743 ἔλεγον,
274 2659 314 2733 ὥς
336 2683 427 2743 φησιν
449 2661 634 2746 Εὐφρόνιος,
668 2660 757 2723 ὁπότε
787 2662 829 2734 είς
850 2661 949 2722 κοινδν
971 2659 1216 2746 κατα[τι]θίντες

137 2767 177 2828 τδι
200 2765 387 2846 κομισθέντα
411 2765 602 2848 (κωλυθέντα
623 2768 665 2849 V)
696 2768 802 2828 δεῖπνα
823 2765 933 2838 πάντες
955 2763 1104 2826 ἀπέλαυον
1127 2764 1214 2846 (ἀπέ-

137 2874 230 2932 κλαον
243 2872 291 2954 V).
322 2873 458 2932 Fortasse
478 2873 625 2953 Didymus
646 2874 810 2954 Euphronii
832 2873 933 2933 falsam
955 2871 1114 2932 doctrinam
1137 2859 1214 2932 com-¹

13 3035 15 3060 5
136 2977 273 3058 probauit
294 2978 329 3036 cf.
347 2977 487 3058 Harpocr.
507 2986 575 3054 143,
591 2984 629 3042 24
653 2977 845 3040 Πανδαισία·
860 3014 904 3024 -
919 2973 981 3038 έστι
1003 2974 1059 3056 μέν
1081 2979 1212 3057 τούνομα

137 3081 281 3154 πολλάκις
309 3082 359 3142 καὶ
388 3082 419 3144 ἓν
441 3091 479 3168 τῇ
507 3084 619 3172 ἀρχαίᾳ
641 3083 795 3171 κωμῳδίᾳ.
840 3063 1016 3144 Πανδαισία
1039 3081 1074 3144 δέ
1094 3082 1155 3144 ε’στι
1178 3083 1214 3144 τὸ

13 3247 14 3260 ,
137 3187 237 3248 πάντα
260 3185 337 3266 ἔχειν
358 3189 484 3272 άφθονα
505 3189 555 3250 καὶ
574 3187 669 3270 μηδὲν
690 3189 832 3273 έλλείπειν
854 3187 885 3250 ἓν
907 3195 945 3273 τῇ
967 3188 1056 3249 δαιτί.
1095 3185 1138 3248 Ἡ
1156 3188 1214 3270 γὰρ

13 3359 14 3368 ,
136 3303 193 3354 τοῦ
213 3292 352 3372 Λιδύμου
374 3293 516 3367 ἀπόδοσις
537 3294 698 3377 περίεργος,
732 3295 897 3376 Euphronii
919 3284 1072 3375 explicatio
1093 3297 1122 3353 in
1141 3294 1212 3354 lexi-

13 3411 14 3416 ’
137 3401 179 3460 cis
200 3421 260 3459 non
282 3408 396 3460 seruata
417 3409 469 3464 est.
512 3402 604 3461 Paulo
621 3400 737 3460 diuersa
753 3401 907 3461 traduntur
921 3400 1009 3460 schol.
1025 3400 1099 3459 Aah.
1122 3405 1210 3463 1086.

13 3495 14 3590 ,
137 3506 181 3566 Of.
207 3507 321 3565 Becker
344 3505 467 3566 Charicl.
491 3511 505 3567 Ι
530 3514 587 3568 411
613 3525 673 3586 seq.

224 3719 383 3779 104.1άι.
427 3714 698 3779 Seh01.Av.765.
749 3713 882 3776 Φυσάτω
911 3713 1103 3787 πάππους.
1148 3715 1211 3777 Εὐ-

138 3819 261 3902 φρόνιός
289 3842 362 3902 φησι
394 3818 517 3881 πάππον
546 3819 648 3900 όρνεόν
675 3843 704 3880 τι
734 3813 819 3885 εῖναι,
864 3819 952 3901 Πρός
980 3819 1015 3879 τδ
1043 3818 1137 3898 ὄνομα
1160 3815 1212 3881 οδν

138 3926 245 4003 παίζει,
269 3924 315 3986 ὅτι
337 3925 364 3985 εἰ
378 3925 495 4002 ἀναβάς
509 3947 555 3997 τις
570 3926 644 4006 πρὸς
658 3925 738 4004 ἡμᾶς
753 3924 907 4006 γενήσεται
922 3921 1042 3997 πάππος
1059 3924 1213 4008 (πάππους

139 4033 175 4092 V.
191 4030 252 4112 R),
277 4027 336 4105 ἕξει
359 4029 566 4090 ἀποδεικνύναι
589 4029 753 4114 φράτορας,
776 4030 792 4092 ὅ
815 4029 877 4092 ε’στι
899 4038 1057 4112 συγγενεῖς.
1094 4028 1132 4093 Οἱ
1154 4032 1211 4113 γάρ

59 4144 63 4154 ’
139 4137 334 4217 εύθυνόμενσι
351 4137 391 4208 ὡς
405 4133 479 4208 ’ξένοι
495 4135 645 4217 ὀφείλουσι
661 4138 730 4208 τοὺς
747 4135 839 4208 ἰδίους
852 4135 993 4209 πάππους
1003 4136 1211 4198 ἀποδεικνύναι
